2604 4746
369 327 539 421 Carnu⁵
555 327 604 401 X.
630 349 668 400 v.
692 334 753 402 31.
779 333 841 404 32.
987 393 990 397 .
1055 338 1129 406 317

97 508 122 557 ut
140 493 234 559 verba
254 495 291 557 in
309 491 393 556 huuc
416 513 547 557 sensnm
570 492 655 556 dicta
679 495 895 578 accipiantur:
921 486 996 556 'narn
1017 493 1134 578 populi

95 600 130 659 sui
141 597 217 660 lova
233 615 384 659 caussam
396 597 464 678 agit
478 614 505 656 ι.
520 604 605 678 aget.
647 592 724 657 Pari
737 595 832 658 modo
847 595 945 658 etiam
966 595 1001 657 in
1021 593 1133 680 eupli·¹

95 698 181 762 caudis
194 698 292 761 huius
305 694 461 759 versiculi
474 693 585 758 verbis
599 696 793 781 interpretes
810 695 947 775 variant,
971 717 1043 759 cum
1056 718 1132 760 ver-

95 794 291 885 διακρίνειν
312 817 377 859 uon
398 807 520 859 tantum
540 805 630 857 notet
646 804 781 880 punire,
802 805 837 856 ut
857 793 928 857 lob.
952 801 1002 874 12,
1022 801 1065 860 47
1081 818 1130 883 sq.

95 896 148 961 Act.
162 904 192 978 7,
205 904 236 963 7.
268 904 284 961 1
304 894 381 961 Cor.
398 903 448 977 11,
464 902 517 960 31.
547 893 650 958 Hebr.
668 901 720 976 13,
733 904 766 959 4.
783 894 826 959 al.
849 895 909 959 sed
929 896 1030 958 etiam*
1049 896 1133 960 hauc

95 1001 140 1064 rim
154 998 306 1077 obtineat,
329 1010 365 1060 ut
378 1009 484 1062 notet:
506 998 652 1061 iudicare
666 999 834 1063 secundare
854 1000 989 1082 adaptem
1001 997 1025 1058 i.
1041 1017 1072 1060 e.
1087 1017 1134 1059 ex

95 1098 242 1163 commodo
265 1108 296 1160 et
313 1098 473 1161 sententia
486 1094 633 1176 alicuius,
653 1108 687 1159 ut
703 1096 845 1183 loquitur
861 1095 931 1160 Cir.
953 1117 1014 1180 pro
1032 1094 1132 1160 Rosc.

95 1219 113 1261 c.
124 1206 148 1262 1.
167 1199 255 1263 Xen.
270 1196 345 1280 cyr.
363 1204 394 1277 8,
408 1204 439 1261 2.
461 1201 515 1261 27.
544 1193 564 1261 o‘
588 1199 624 1262 δὲ
643 1198 692 1282 μή
707 1196 804 1262 νικῶν
828 1198 899 1271 τοῖς
919 1196 981 1278 μὲν
1000 1197 1135 1260 νικῶσιν

95 1295 227 1388 ἐφθόνει,
248 1297 326 1373 τούς
339 1299 374 1363 δὲ
386 1295 434 1382 μή
453 1292 570 1363 ἑαυτὸν
586 1293 765 1384 κρίνοντας
779 1294 885 1380 ἐμίσει
905 1303 1008 1361 catur
1026 1309 1134 1362 natent

95 1400 246 1466 victoribus
256 1397 430 1478 invidebat,
450 1407 483 1461 et
495 1419 550 1471 eor
564 1407 621 1485 par·
630 1420 695 1464 aon
712 1419 775 1484 pra
788 1406 858 1484 apro
874 1403 1064 1462 neaemias
1082 1407 1134 1463 ta·

95 1502 195 1582 liceat,
216 1504 290 1567 adio
303 1497 576 1585 praeputiatae,-
598 1509 632 1562 et
653 1510 690 1561 ut
708 1498 884 1584 significet:
908 1520 1054 1564 caussari
1073 1502 1134 1565 ali·

95 1609 162 1669 ινιίιι
183 1603 300 1685 agere,
324 1603 500 1678 medicare,
530 1610 566 1661 ut
587 1602 621 1663 in
637 1601 791 1662 versione
808 1597 1035 1663 Alexandrina
1050 1599 1141 1666 Gen.-

95 1706 131 1784 ³0,
149 1709 180 1770 5.
208 1702 264 1767 Pa.
287 1707 341 1789 54,
365 1707 396 1767 3.
427 1701 575 1780 135,14.
617 1699 733 1764 Plures
755 1693 874 1783 igitur,
902 1699 1135 1786 praeeuntibus

95 1800 318 1887 Chrysostomo,
331 1799 577 1886 'l'heophylaeto
591 1812 624 1865 et
638 1799 850 1882 Oecnmenio,
859 1798 961 1865 verba
975 1799 1134 1885 explana·

95 1916 163 1969 runt:
183 1903 276 1969 Deus
290 1900 444 1989 populum
465 1900 529 1965 sibi
552 1922 689 1983 sacrum,
711 1901 906 1966 christianos
925 1896 1103 1966 vindicabit
1115 1923 1136 1965 a
1185 1896 1189 1901 ’

95 2001 214 2086 ludaeis,
235 2006 380 2090 graviter
399 2002 460 2067 hos
483 2024 596 2067 eorum
616 2002 730 2068 hostes
751 2005 875 2089 puniet.
916 2001 1050 2067 Rectius
1067 1994 1135 2084 alii,

95 2104 120 2167 in
132 2105 178 2170 his
199 2094 434 2188 Limborcliar,
460 2101 639 2185 satiatam,
659 2103 824 2184 Brilmr'ar,
846 2114 1003 2184 statuunt,
1024 2102 1136 2167 verbis

95 2204 159 2291 quae
175 2206 273 2270 Dent.
287 2203 314 2271 l.·
325 2203 350 2271 l.
370 2192 542 2296 legantur:
562 2203 656 2269 Deae
670 2206 788 2289 papali
810 2210 864 2268 aaa·
876 2223 1023 2268 caussam
1043 2212 1135 2286 aget,

95 2305 234 2390 epistolae
251 2310 428 2387 auctorem,
448 2324 514 2392 quo
542 2325 583 2368 ea
605 2305 641 2366 in
663 2326 732 2368 rem
755 2325 848 2368 snam
868 2302 1135 2384 accommodaret,

95 2405 175 2473 atum
190 2406 397 2474 substituisse
413 2425 560 2485 sensum,
583 2406 735 2469 nimirum
750 2405 849 2469 hunc:
875 2403 969 2468 Deus
984 2406 1020 2467 in
1031 2425 1136 2490 popu·

95 2503 119 2572 lo
132 2531 187 2575 suo
206 2506 415 2587 rebellantes,
438 2500 568 2592 eosqui
583 2503 707 2569 Christi
730 2505 825 2589 signa
841 2502 1004 2587 deserunt,
1026 2508 1137 2592 gravi-

95 2619 131 2675 ter
141 2612 260 2697 puniet.
301 2605 396 2670 Hanc
409 2605 584 2671 verborum
597 2607 895 2692 interpretationem
915 2619 1087 2672 contextus
1102 2607 1136 2675 lr.

95 2706 111 2772 l.
124 2733 182 2776 non
205 2724 271 2774 tam
291 2705 453 2793 postulat,
490 2724 586 2795 quam
611 2709 720 2793 potius
741 2704 876 2791 flagitat.
902 2712 954 2772 31.
984 2707 1139 2774 Formula

95 2807 249 2895 ἐμπῖπτον
261 2803 309 2884 εἷς
321 2809 364 2896 τὶ,
385 2805 433 2884 εἰς
448 2806 547 2895 χεῖρά
569 2829 657 2882 τινος
676 2807 896 2892 hacpraedita
911 2819 1137 2894 estpotestate
1247 2834 1252 2842 ’

95 2918 119 2974 'ut
136 2911 323 2977 declaratio
340 2918 540 2995 patestatem
563 2911 700 2974 alicaiar
722 2912 845 2989 venire,
866 2912 983 2974 malam
1006 2911 1139 2996 aliquod

95 3011 183 3081 salire
206 3013 304 3076 Pron.
326 3015 377 3091 17,
404 3016 455 3074 14.
489 3008 683 3093 ἐμπεσεῖται
702 3001 753 3083 εἰς
774 3006 872 3071 κακοί.
897 3009 980 3072 Ι.ιισ.
1007 3015 1058 3090 10,
1081 3014 1136 3075 36.

96 3114 139 3178 τοῦ
150 3109 353 3200 ἐμπεσόντος
363 3103 423 3186 ἐἰς
440 3110 515 3186 τοῦς
530 3102 667 3195 λῃστάς.
692 3109 757 3174 Sir.
772 3116 804 3189 2,
821 3115 869 3174 18.
898 3108 1139 3198 ἕμπισούμεθα

97 3207 131 3289 εἰς
139 3217 251 3302 χεῖρας
265 3209 399 3299 Κυρίου.
421 3210 470 3276 lb.
487 3216 565 3291 8,1.
588 3210 638 3295 μή
663 3209 829 3294 διαμάχου
847 3207 1139 3295 perstrepamur

99 3312 257 3396 inaerari,
278 3311 409 3398 μήποτε
422 3310 565 3402 daciane
585 3308 634 3387 eie
653 3310 715 3386 τοὶς
730 3311 847 3396 χεῖρας
867 3307 979 3376 αὐτοῦ.
1004 3311 1138 3377 lMacc.

100 3417 122 3494 i,
133 3421 159 3481 8.
177 3401 329 3503 ἕνὲαισεν
353 3406 403 3488 εἰς
424 3409 622 3500 οἷρῥωστὶαν.
664 3412 709 3477 Η.
730 3411 754 3476 l.
769 3411 850 3476 haec
871 3410 1009 3478 formula
1031 3412 1138 3478 valet:

101 3533 201 3596 poenas
216 3516 343 3580 divinas
355 3511 476 3594 subire,
501 3511 695 3599 easdemque
710 3515 931 3599 gravissimas.
979 3512 1060 3589 θεὸς
1077 3514 1141 3594 ζῶν

104 3611 174 3682 Deua
199 3637 314 3696 aeras„
349 3626 506 3702 qnatenus
537 3634 662 3690 summa
689 3616 834 3700 potentia
863 3614 983 3701 gaudet
1007 3616 1072 3678 vid.
1098 3615 1142 3680 ad

107 3717 128 3794 3,
144 3724 190 3781 12.

169 3823 217 3884 32.
238 3812 339 3882 Minis
351 3813 536 3902 perculerat
550 3814 689 3899 scriptor
703 3809 861 3877 lectorum
875 3815 1010 3892 animos,
1031 3822 1067 3874 ut
1081 3833 1142 3880 eos

112 3915 299 3985 adoleatione
322 3919 556 3996 dehortaretur,
576 3913 641 3978 iam
664 3915 844 3979 orationem
867 3923 1035 3999 temperat,
1057 3924 1091 3976 et
1105 3925 1142 3976 ut
1215 3965 1217 3972 .

115 4021 197 4085 tosad
210 4019 420 4086 constantiam
440 4019 561 4094 incitet,
583 4015 747 4099 sapienter
758 4016 801 4078 iis
817 4017 852 4078 in
876 4012 1141 4078 memoriam're·

117 4128 183 4181 locat
198 4124 306 4208 priora
329 4119 497 4208 tempor'a,
521 4114 638 4203 quibus
661 4118 824 4181 aerumnis
848 4126 881 4178 et
905 4111 1142 4178 calamitatibus

119 4222 209 4305 pressi,
237 4231 420 4292 constanter
444 4240 481 4286 ec
506 4219 696 4306 gessissent.
739 4215 849 4284 Locus
873 4214 959 4288 haud
982 4213 1143 4283 absimilis
