2632 4740
21 338 26 353 .
59 324 61 328 -
91 272 142 344 to
175 295 178 301 ·
388 301 406 354 g
430 264 588 355 Carus
613 266 658 350 1.,
680 287 719 341 v.
749 268 806 338 14.

43 480 61 495 ..
90 433 196 520 gitur,
224 431 334 496 sedin
355 433 507 496 versione
529 426 755 493 Alexandrina
782 427 915 511 saepius
936 410 1089 502 recurrit,
1114 430 1153 485 ut

94 529 194 598 Num.
209 538 242 614 4,
259 536 311 596 28.
326 529 368 597 el.
410 532 471 596 Est
488 540 596 609 autem
614 527 711 595 huius
732 526 959 613 appellationis
971 516 1091 609 'esussa
1106 539 1155 584 ex

68 664 73 672 ·
96 631 259 717 cogitandi
274 643 307 694 et
321 630 478 719 loquendi
494 630 618 693 ratione
635 624 860 709 Hebraeorum
872 614 1061 710 repetenda.
1086 616 1156 684 Co·

77 727 242 816 ,gitabant
263 733 414 798 nimirum
435 731 498 797 sibi
515 727 624 792 Deum
647 738 798 815 tanquam
820 746 934 813 regern
957 740 1157 806 supremum,
1198 778 1203 793 ,

99 827 182 894 solio
197 828 400 912 insidentem,
413 851 531 918 magna
543 829 761 893 ministrorum
772 837 900 907 caterva
911 823 1057 908 cinctum,
1072 839 1159 907 quos

98 926 236 1013 angelos
249 928 418 1011 vocabant,
431 951 553 1017 eosque
566 925 640 992 Deo
655 938 812 1013 perpetuo
825 944 983 1010 apparere
989 919 1164 1006 putebant,

95 1029 156 1114 qni
175 1049 234 1091 eos
252 1029 292 1112 ad
314 1031 525 1119 exsequenda
544 1048 605 1091 sua
619 1026 770 1092 mandata
785 1024 970 1111 ablegaret,
991 1023 1090 1087 etiarn
1104 1020 1160 1085 his

55 1138 74 1167 ἰ
101 1128 379 1217 interris2lleg.
397 1137 448 1212 19,
465 1128 520 1196 35.
541 1126 597 1190 Ps.
612 1133 665 1207 34,
682 1132 713 1191 8.
737 1132 791 1208 91,
808 1133 859 1191 11.
881 1123 967 1190 Tob.
984 1129 1036 1204 12,
1052 1117 1181 1188 15.al.‘

101 1225 196 1291 Philo
212 1228 253 1292 de
262 1228 392 1316 Gigent.
407 1253 441 1315 p.
448 1234 523 1296 286.
538 1224 706 1311 ἀγγέλοις,
713 1225 899 1312 ὑπηρέταις
914 1224 976 1289 καὶ
988 1216 1162 1302 διακόνοις

54 1337 65 1361 ·“
99 1322 122 1414 Ιὁ
136 1327 336 1414 δημιουργὸς
346 1327 448 1394 εἴωθε
457 1327 613 1416 χρῆσθαι
627 1327 709 1419 πρὸς
720 1323 785 1404 τήν
798 1321 862 1395 τῶν
873 1321 1012 1403 θνητῶν
1023 1319 1164 1401 ἐπίσποι·

103 1446 166 1491 σιν.
186 1427 259 1502 rid.
280 1440 346 1507 not.
367 1430 408 1493 ad
427 1428 543 1496 Matth.
568 1437 599 1510 1,
620 1435 673 1504 20.
705 1433 757 1508 18,
778 1432 829 1492 10.
856 1421 1041 1499 dividebant
1062 1425 1163 1488 etiam

103 1525 240 1611 angelos
260 1530 293 1592 in
312 1541 419 1594 certos
440 1530 596 1618 quosdam
619 1527 749 1593 ordines
765 1538 797 1590 et
813 1525 936 1590 classes
952 1545 984 1603 u.
1001 1524 1065 1589 les.
1080 1529 1113 1606 6,
1128 1529 1162 1588 2.

104 1623 189 1692 Tob.
206 1626 229 1692 l.
245 1626 269 1711 l,
292 1627 385 1696 Rom.
401 1635 433 1711 8,
450 1636 502 1696 38.
522 1630 607 1714 Eph.
625 1635 655 1711 1,
672 1634 726 1693 21.
753 1632 774 1689 2
791 1623 911 1690 Thess.
926 1632 959 1705 4,
976 1627 1028 1687 16.
1053 1619 1162 1707 Apde.

105 1731 135 1806 1,
156 1734 188 1791 4.
211 1751 251 1793 eo
272 1731 450 1814 respiciens
470 1741 581 1793 noster
602 1728 731 1806 addidit·
742 1721 882 1808 πάντες,
909 1720 1017 1810 angeli
1037 1743 1165 1804 omnes,

104 1824 195 1890 nullo
210 1840 361 1914 excepto.
402 1826 551 1897 Verbum
564 1829 687 1915 μέλλω,
700 1840 736 1893 nt
749 1829 829 1892 satis
843 1835 978 1903 constat,
992 1842 1013 1885 a
1027 1820 1165 1908 quibus-
1194 1904 1197 1911 Ι

105 1927 156 2004 ris
171 1925 381 2012 scriptoribus
397 1927 531 1997 Graecis
545 1932 689 2016 iungitur
708 1926 847 2000 aliorum
861 1924 1035 1990 verborum
1053 1920 1165 1988 inlini·

107 2027 199 2107 tivis,
221 2039 256 2090 ut
270 2027 369 2093 faciut
382 2030 587 2117 periphrasin
601 2032 696 2095 istius
710 2024 818 2105 verbi,
838 2046 910 2088 oum
925 2043 988 2109 quo
1004 2027 1166 2107 construi·

108 2136 173 2200 tur;
188 2128 297 2214 itaque
305 2128 338 2194 h.
346 2127 371 2194 l.
375 2129 556 2215 μέλλοντες
567 2126 785 2217 κληρονομεῖν
792 2129 958 2210 σωτηρίαν
965 2124 1106 2207 positum
1115 2137 1169 2190 est

108 2246 167 2308 pro
176 2224 234 2294 ded
249 2226 325 2305 τούς
338 2221 830 2317 κληρονομήσονταςσωῑηρὶαν.
841 2220 1046 2287 Vocabulum
1057 2237 1168 2299 autem
1187 2228 1190 2235 “

2 2398 5 2403 ,
108 2322 256 2413 σωτηρία
268 2330 464 2414 interpretes
479 2331 598 2415 oppido
613 2328 723 2410 multi,
743 2344 879 2415 quorum
893 2324 927 2387 in
941 2331 1074 2390 numero
1091 2337 1170 2392 sunt

108 2425 396 2509 Moldenloauerus,
410 2429 613 2504 ‚Adresclee‘uo
632 2425 803 2512 (Paraphr.
825 2433 859 2487 et
876 2421 1044 2487 Annotatt.
1063 2425 1098 2488 in
1113 2448 1169 2512 ep.

110 2522 151 2585 ad
165 2523 269 2589 Hebr.
283 2524 396 2610 Speoc'.
412 2534 443 2595 3.
455 2515 563 2616 Lugd.
582 2526 654 2593 Bet.
672 2521 1110 2608 tuso-90.)‚'Hetnrsctetee,
1125 2527 1169 2592 de

108 2620 262 2709 felicitate
281 2637 413 2691 aeterna
431 2630 692 2714 interpretantur.
734 2624 813 2692 Mes
831 2645 910 2689 vero
931 2626 1088 2699 sententia
1104 2646 1171 2690 oco-

112 2716 212 2807 τηρὶα
226 2721 330 2788 Hebr.
344 2726 444 2820 fiziel}
459 2727 492 2793 h.
507 2727 532 2794 l.
547 2740 583 2792 ut
597 2724 678 2791 alins
695 2726 734 2790 da
751 2722 888 2804 anxilio,
906 2720 1011 2787 salute
1027 2744 1172 2808 quacun-

112 2845 190 2910 que,
212 2822 466 2892 deliberatione
487 2850 507 2891 a
523 2824 618 2894 melis
641 2839 674 2892 et
693 2824 849 2913 periculis
870 2820 1090 2906 accipiendum
1107 2837 1171 2910 est,

111 2934 148 2985 ut
167 2923 250 2988 adeo
269 2946 331 3010 per
349 2925 428 3003 ,τούς
446 2927 544 3014 pist.
563 2926 660 3011 κληρ.
686 2919 853 3011 σωτηρίαν
875 2918 1076 3006 intelligendi
1091 2926 1171 3008 sint,

113 3025 170 3109 qui
188 3025 222 3087 in
238 3021 343 3092 literis
363 3031 464 3107 sacris
480 3027 627 3092 dicuntur
641 3024 716 3090 Deo
731 3027 814 3106 cari,
840 3024 929 3109 digni
949 3042 1031 3109 quos
1047 3044 1067 3086 a
1081 3024 1172 3090 cala-

113 3123 278 3190 mitatibus
292 3125 422 3210 liberet,
443 3116 479 3193 in
493 3126 649 3213 perieulis
666 3137 805 3205 tueatur,
822 3135 854 3188 et
868 3134 979 3193 eontra
992 3127 1173 3207 perniciem

114 3222 225 3288 salvos
244 3239 277 3291 et
296 3238 384 3292 tutos
404 3238 550 3313 praestet
568 3248 602 3295 v.
623 3226 678 3292 Ps.
701 3232 754 3306 34,
777 3231 808 3291 8.
834 3229 956 3303 91,11.
978 3243 1060 3308 quos
1075 3222 1172 3294 locos

115 3335 278 3388 auctorem
299 3328 488 3411 respexisse
510 3339 600 3414 puto.
651 3325 883 3391 oecumenius:
914 3318 1002 3398 ὅπως
1024 3319 1118 3408 ἡμεῖς
1138 3327 1174 3391 οἱ

87 3417 91 3426 '
114 3417 297 3507 ἄνθρωποι
315 3425 493 3513 σωθῶμεν·
518 3425 687 3512 πολλαχοῦ
702 3423 768 3512 ydp
788 3421 927 3510 ἄγγελοι
947 3418 1099 3489 διάκονοι
1118 3449 1174 3510 ys.

114 3520 254 3605 ydvools
266 3517 317 3600 εἷς
331 3522 539 3611 ἀνθρώπους.
582 3525 727 3593 Bdlmise
741 3547 855 3591 vocem
869 3523 1018 3612 σωτηρία
1034 3522 1074 3588 de
1089 3547 1173 3611 quo·

40 3648 47 3668 ¹·
115 3621 196 3688 libet
208 3621 367 3697 beneficio
382 3624 491 3693 divino
507 3630 556 3698 sic
571 3625 735 3714 exhibito,
756 3624 949 3690 liberatione
963 3625 1174 3709 ‘potissimum

117 3746 136 3789 e
160 3721 255 3789 malis
278 3722 473 3810 periculisve
497 3741 673 3814 propterea
697 3724 925 3810 explicandam
948 3745 1023 3788 esse
1050 3741 1174 3816 monet,

117 3822 204 3911 quod
219 3823 374 3890 articulus
389 3825 483 3896 desit.
516 3826 595 3892 Inde
611 3848 690 3892 vero
704 3824 828 3891 nullum
843 3822 918 3890 huic
933 3826 1176 3908 interpretatioa

118 3926 152 3987 ni
168 3923 345 3989 subsidium
358 3927 426 4011 peti
440 3937 558 4011 potest,
579 3949 650 3992 cnm
667 3928 763 3992 etiam
778 3932 809 4005 9,
828 3929 880 3993 28.
896 3923 1010 3991 vocab.
1026 3918 1177 4011 σωτηρία

119 4024 199 4189 siplpi
208 4023 343 4090 articulo
363 4029 503 4112 positum
518 4031 570 4108 sit,
592 4027 650 4093 sed
670 4025 717 4094 ibi
738 4024 923 4094 felicitatem
938 4046 1112 4112 perennem
1129 4027 1176 4091 sis

79 4186 83 4192 ,
119 4144 141 4210 g
164 4125 172 4140 '
199 4136 259 4190 cet.
290 4188 293 4193 .
