<?xml version="1.0" encoding="UTF-8"?>
<!DOCTYPE html PUBLIC "-//W3C//DTD XHTML 1.0 Transitional//EN"
    "http://www.w3.org/TR/xhtml1/DTD/xhtml1-transitional.dtd">
<html xmlns="http://www.w3.org/1999/xhtml" xml:lang="en" lang="en">
 <head>
  <title>
</title>
<meta http-equiv="Content-Type" content="text/html;charset=utf-8" />
  <meta name='ocr-system' content='tesseract 3.04.00' />
  <meta name='ocr-capabilities' content='ocr_page ocr_carea ocr_par ocr_line ocrx_word'/>
</head>
<body>
  <div class='ocr_page' id='page_1' title='image "./dchristianitheo00kuehgoog_0360.png"; bbox 0 0 2604 4746; ppageno 0'>
   <div class='ocr_carea' id='block_1_1' title="bbox 130 310 971 421">
    <p class='ocr_par' dir='ltr' id='par_1_1' title="bbox 130 310 971 421">
     <span class='ocr_line' id='line_1_1' title="bbox 130 310 971 421; baseline 0.005 -20"><span class='ocrx_word' id='word_1_1' title='bbox 130 333 203 404; x_wconf 84' lang='lat'><strong>330</strong></span> <span class='ocrx_word' id='word_1_2' title='bbox 354 360 358 407; x_wconf 66' lang='grc' dir='ltr'>ῑ</span> <span class='ocrx_word' id='word_1_3' title='bbox 406 321 567 400; x_wconf 76' lang='lat' dir='ltr'><strong>Carnu</strong></span> <span class='ocrx_word' id='word_1_4' title='bbox 593 324 667 400; x_wconf 81' lang='lat' dir='ltr'><strong>IX.</strong></span> <span class='ocrx_word' id='word_1_5' title='bbox 703 310 740 403; x_wconf 75' lang='lat' dir='ltr'><strong>r.</strong></span> <span class='ocrx_word' id='word_1_6' title='bbox 766 333 825 402; x_wconf 87' lang='grc'><strong>21.</strong></span> <span class='ocrx_word' id='word_1_7' title='bbox 852 332 914 421; x_wconf 79' lang='grc'><strong>22.</strong></span> <span class='ocrx_word' id='word_1_8' title='bbox 947 330 971 384; x_wconf 67' lang='grc'>1</span> 
     </span>
    </p>
   </div>
   <div class='ocr_carea' id='block_1_2' title="bbox 34 486 1180 2284">
    <p class='ocr_par' dir='ltr' id='par_1_2' title="bbox 117 486 1180 584">
     <span class='ocr_line' id='line_1_2' title="bbox 117 486 1180 584; baseline 0.007 -30"><span class='ocrx_word' id='word_1_9' title='bbox 117 489 376 578; x_wconf 69' lang='grc' dir='ltr'><strong>Ιοοῐιίίιιῐιοηιίαηι</strong></span> <span class='ocrx_word' id='word_1_10' title='bbox 390 488 468 555; x_wconf 84' lang='lat' dir='ltr'><strong>faoit</strong></span> <span class='ocrx_word' id='word_1_11' title='bbox 487 489 579 555; x_wconf 83' lang='lat' dir='ltr'><strong>loeus</strong></span> <span class='ocrx_word' id='word_1_12' title='bbox 595 486 728 578; x_wconf 88' lang='lat' dir='ltr'><strong>Iosephi</strong></span> <span class='ocrx_word' id='word_1_13' title='bbox 741 493 816 558; x_wconf 87' lang='lat' dir='ltr'><strong>Ant.</strong></span> <span class='ocrx_word' id='word_1_14' title='bbox 833 499 865 574; x_wconf 81' lang='lat'><strong>3,</strong></span> <span class='ocrx_word' id='word_1_15' title='bbox 882 500 912 558; x_wconf 90' lang='grc'><strong>8.</strong></span> <span class='ocrx_word' id='word_1_16' title='bbox 928 497 960 558; x_wconf 99' lang='grc'><strong>6.</strong></span> <span class='ocrx_word' id='word_1_17' title='bbox 986 498 1041 584; x_wconf 82' lang='lat' dir='ltr'><strong>qui</strong></span> <span class='ocrx_word' id='word_1_18' title='bbox 1058 491 1099 560; x_wconf 89' lang='lat' dir='ltr'><strong>de</strong></span> <span class='ocrx_word' id='word_1_19' title='bbox 1112 493 1180 576; x_wconf 70' lang='lat' dir='ltr'><strong>oo,</strong></span> 
     </span>
    </p>

    <p class='ocr_par' dir='ltr' id='par_1_3' title="bbox 34 591 1180 1679">
     <span class='ocr_line' id='line_1_3' title="bbox 118 591 1177 682; baseline 0.002 -27"><span class='ocrx_word' id='word_1_20' title='bbox 118 593 308 655; x_wconf 77' lang='lat' dir='ltr'><strong>&#39;secretione</strong></span> <span class='ocrx_word' id='word_1_21' title='bbox 323 591 522 655; x_wconf 81' lang='lat' dir='ltr'>tabernaculi</span> <span class='ocrx_word' id='word_1_22' title='bbox 542 595 619 678; x_wconf 80' lang='lat' dir='ltr'><strong>agit.</strong></span> <span class='ocrx_word' id='word_1_23' title='bbox 663 591 777 657; x_wconf 86' lang='lat' dir='ltr'><strong>Verba</strong></span> <span class='ocrx_word' id='word_1_24' title='bbox 798 605 885 658; x_wconf 89' lang='lat' dir='ltr'><strong>sunt:</strong></span> <span class='ocrx_word' id='word_1_25' title='bbox 910 591 979 682; x_wconf 80' lang='grc' dir='ltr'><strong><em>κρίιι</em></strong></span> <span class='ocrx_word' id='word_1_26' title='bbox 1006 596 1066 661; x_wconf 80' lang='grc' dir='ltr'><strong>τοῦ</strong></span> <span class='ocrx_word' id='word_1_27' title='bbox 1088 591 1177 681; x_wconf 42' lang='lat' dir='ltr'><strong>alica.</strong></span> 
     </span>
     <span class='ocr_line' id='line_1_4' title="bbox 34 690 1170 780; baseline 0.009 -24"><span class='ocrx_word' id='word_1_28' title='bbox 34 709 38 719; x_wconf 92' lang='grc'><strong><em>·</em></strong></span> <span class='ocrx_word' id='word_1_29' title='bbox 127 696 185 767; x_wconf 85' lang='grc' dir='ltr'><strong>τος</strong></span> <span class='ocrx_word' id='word_1_30' title='bbox 200 693 264 757; x_wconf 80' lang='grc' dir='ltr'><strong>τῶν</strong></span> <span class='ocrx_word' id='word_1_31' title='bbox 279 691 546 776; x_wconf 62' lang='lat' dir='ltr'><strong>redundationis</strong></span> <span class='ocrx_word' id='word_1_32' title='bbox 564 694 599 757; x_wconf 76' lang='grc' dir='ltr'><strong>δὲ</strong></span> <span class='ocrx_word' id='word_1_33' title='bbox 616 691 741 770; x_wconf 73' lang='grc' dir='ltr'><strong><em>στολήν</em></strong></span> <span class='ocrx_word' id='word_1_34' title='bbox 757 690 817 759; x_wconf 78' lang='grc' dir='ltr'><strong>τοῦ</strong></span> <span class='ocrx_word' id='word_1_35' title='bbox 831 691 992 780; x_wconf 79' lang='grc' dir='ltr'><strong><em>Ἀαρῶνος</em></strong></span> <span class='ocrx_word' id='word_1_36' title='bbox 1006 699 1065 761; x_wconf 82' lang='grc' dir='ltr'><strong>καὶ</strong></span> <span class='ocrx_word' id='word_1_37' title='bbox 1085 695 1170 767; x_wconf 76' lang='grc' dir='ltr'><strong><em>αὐτόν</em></strong></span> 
     </span>
     <span class='ocr_line' id='line_1_5' title="bbox 127 784 1161 878; baseline 0.003 -21"><span class='ocrx_word' id='word_1_38' title='bbox 127 790 272 866; x_wconf 73' lang='grc' dir='ltr'><strong><em>οὖντοῖς</em></strong></span> <span class='ocrx_word' id='word_1_39' title='bbox 281 793 399 856; x_wconf 80' lang='grc' dir='ltr'><strong><em>παισὶν</em></strong></span> <span class='ocrx_word' id='word_1_40' title='bbox 411 789 581 878; x_wconf 69' lang='grc' dir='ltr'><strong><em>ίρῥαινεν,</em></strong></span> <span class='ocrx_word' id='word_1_41' title='bbox 594 788 784 876; x_wconf 72' lang='grc' dir='ltr'><strong><em>ἀφαγνίσας</em></strong></span> <span class='ocrx_word' id='word_1_42' title='bbox 798 784 953 876; x_wconf 74' lang='grc' dir='ltr'><strong><em>πηγαίοις</em></strong></span> <span class='ocrx_word' id='word_1_43' title='bbox 966 819 1001 861; x_wconf 78' lang='grc' dir='ltr'><strong>τε</strong></span> <span class='ocrx_word' id='word_1_44' title='bbox 1015 792 1111 863; x_wconf 74' lang='lat' dir='ltr'><strong>ddunt</strong></span> <span class='ocrx_word' id='word_1_45' title='bbox 1121 802 1161 862; x_wconf 79' lang='grc' dir='ltr'><strong>καὶ</strong></span> 
     </span>
     <span class='ocr_line' id='line_1_6' title="bbox 66 884 1161 982; baseline 0.005 -28"><span class='ocrx_word' id='word_1_46' title='bbox 66 892 70 899; x_wconf 93' lang='grc'>’</span> <span class='ocrx_word' id='word_1_47' title='bbox 127 891 242 982; x_wconf 82' lang='grc' dir='ltr'><strong><em>μύρῳ,</em></strong></span> <span class='ocrx_word' id='word_1_48' title='bbox 264 884 321 958; x_wconf 81' lang='grc' dir='ltr'><strong><em>’ίνα</em></strong></span> <span class='ocrx_word' id='word_1_49' title='bbox 342 893 403 958; x_wconf 83' lang='grc' dir='ltr'><strong>τοῦ</strong></span> <span class='ocrx_word' id='word_1_50' title='bbox 428 894 514 958; x_wconf 80' lang='grc' dir='ltr'><strong><em>Θεοῦ</em></strong></span> <span class='ocrx_word' id='word_1_51' title='bbox 532 893 709 975; x_wconf 75' lang='grc' dir='ltr'><strong><em>γίγνοιντο.</em></strong></span> <span class='ocrx_word' id='word_1_52' title='bbox 733 915 760 956; x_wconf 89' lang='lat' dir='ltr'><strong>o.</strong></span> <span class='ocrx_word' id='word_1_53' title='bbox 780 902 812 960; x_wconf 92' lang='grc'><strong>9.</strong></span> <span class='ocrx_word' id='word_1_54' title='bbox 835 895 899 976; x_wconf 81' lang='grc' dir='ltr'><strong>τήν</strong></span> <span class='ocrx_word' id='word_1_55' title='bbox 921 918 958 959; x_wconf 77' lang='grc' dir='ltr'><strong>τι</strong></span> <span class='ocrx_word' id='word_1_56' title='bbox 983 898 1104 976; x_wconf 78' lang='grc' dir='ltr'><strong><em>σκηνήν</em></strong></span> <span class='ocrx_word' id='word_1_57' title='bbox 1119 898 1161 961; x_wconf 82' lang='grc' dir='ltr'><strong>καὶ</strong></span> 
     </span>
     <span class='ocr_line' id='line_1_7' title="bbox 128 986 1161 1084; baseline 0.005 -28"><span class='ocrx_word' id='word_1_58' title='bbox 128 989 173 1056; x_wconf 82' lang='grc' dir='ltr'><strong>τοί</strong></span> <span class='ocrx_word' id='word_1_59' title='bbox 193 993 269 1078; x_wconf 78' lang='grc' dir='ltr'><strong>περὶ</strong></span> <span class='ocrx_word' id='word_1_60' title='bbox 290 990 397 1070; x_wconf 74' lang='grc' dir='ltr'><strong><em>αὐτήν</em></strong></span> <span class='ocrx_word' id='word_1_61' title='bbox 418 990 521 1070; x_wconf 80' lang='grc' dir='ltr'><em>σκεύη</em></span> <span class='ocrx_word' id='word_1_62' title='bbox 543 990 642 1080; x_wconf 76' lang='grc' dir='ltr'><strong><em>ἐλαίῳ</em></strong></span> <span class='ocrx_word' id='word_1_63' title='bbox 665 1017 710 1057; x_wconf 77' lang='lat' dir='ltr'><strong>vs·</strong></span> <span class='ocrx_word' id='word_1_64' title='bbox 722 994 994 1084; x_wconf 71' lang='grc' dir='ltr'><strong><em>τιροθυμιαμίνῳ</em></strong></span> <span class='ocrx_word' id='word_1_65' title='bbox 1007 995 1118 1073; x_wconf 75' lang='grc' dir='ltr'><strong><em>καθώς</em></strong></span> <span class='ocrx_word' id='word_1_66' title='bbox 1129 986 1161 1061; x_wconf 82' lang='grc' dir='ltr'><strong>ιῖ-</strong></span> 
     </span>
     <span class='ocr_line' id='line_1_8' title="bbox 126 1085 1163 1182; baseline 0.005 -26"><span class='ocrx_word' id='word_1_67' title='bbox 126 1113 200 1172; x_wconf 85' lang='grc' dir='ltr'><strong><em>πον,</em></strong></span> <span class='ocrx_word' id='word_1_68' title='bbox 224 1093 339 1179; x_wconf 78' lang='grc' dir='ltr'><strong><em>καὶτῷ</em></strong></span> <span class='ocrx_word' id='word_1_69' title='bbox 354 1085 477 1168; x_wconf 81' lang='grc' dir='ltr'><strong><em>αἵματι</em></strong></span> <span class='ocrx_word' id='word_1_70' title='bbox 489 1095 552 1156; x_wconf 80' lang='grc' dir='ltr'><strong>τῶν</strong></span> <span class='ocrx_word' id='word_1_71' title='bbox 570 1085 700 1179; x_wconf 84' lang='grc' dir='ltr'><strong><em>ταύρων</em></strong></span> <span class='ocrx_word' id='word_1_72' title='bbox 714 1094 770 1156; x_wconf 79' lang='grc' dir='ltr'><strong>καὶ</strong></span> <span class='ocrx_word' id='word_1_73' title='bbox 787 1099 887 1176; x_wconf 80' lang='grc' dir='ltr'><strong><em>κριῶν</em></strong></span> <span class='ocrx_word' id='word_1_74' title='bbox 899 1095 1095 1182; x_wconf 83' lang='grc' dir='ltr'><strong><em>σφαγέντων</em></strong></span> <span class='ocrx_word' id='word_1_75' title='bbox 1103 1097 1163 1160; x_wconf 69' lang='grc' dir='ltr'><strong>ἕθε-</strong></span> 
     </span>
     <span class='ocr_line' id='line_1_9' title="bbox 44 1189 1163 1280; baseline 0.005 -27"><span class='ocrx_word' id='word_1_76' title='bbox 44 1277 45 1280; x_wconf 8' lang='lat'>¹</span> <span class='ocrx_word' id='word_1_77' title='bbox 126 1189 257 1276; x_wconf 80' lang='grc' dir='ltr'><strong><em>ροίτιινε.</em></strong></span> <span class='ocrx_word' id='word_1_78' title='bbox 297 1193 382 1258; x_wconf 90' lang='lat' dir='ltr'><strong>Add.</strong></span> <span class='ocrx_word' id='word_1_79' title='bbox 394 1193 488 1280; x_wconf 83' lang='lat' dir='ltr'><strong>locus</strong></span> <span class='ocrx_word' id='word_1_80' title='bbox 503 1191 650 1256; x_wconf 88' lang='lat' dir='ltr'><strong>Philonis</strong></span> <span class='ocrx_word' id='word_1_81' title='bbox 665 1215 697 1278; x_wconf 91' lang='lat' dir='ltr'><strong>p.</strong></span> <span class='ocrx_word' id='word_1_82' title='bbox 714 1197 786 1256; x_wconf 83' lang='lat'><strong>676.</strong></span> <span class='ocrx_word' id='word_1_83' title='bbox 803 1193 841 1258; x_wconf 82' lang='lat' dir='ltr'><strong>C.</strong></span> <span class='ocrx_word' id='word_1_84' title='bbox 854 1217 880 1258; x_wconf 90' lang='lat' dir='ltr'><strong>-a</strong></span> <span class='ocrx_word' id='word_1_85' title='bbox 897 1196 1076 1280; x_wconf 78' lang='lat' dir='ltr'><strong>Corpzoot&#39;o</strong></span> <span class='ocrx_word' id='word_1_86' title='bbox 1092 1196 1163 1274; x_wconf 78' lang='lat' dir='ltr'><strong>adh,</strong></span> 
     </span>
     <span class='ocr_line' id='line_1_10' title="bbox 125 1285 1164 1385; baseline 0.004 -29"><span class='ocrx_word' id='word_1_87' title='bbox 125 1292 148 1356; x_wconf 94' lang='lat' dir='ltr'><strong>l.</strong></span> <span class='ocrx_word' id='word_1_88' title='bbox 167 1292 296 1357; x_wconf 84' lang='lat' dir='ltr'><strong>allatus.</strong></span> <span class='ocrx_word' id='word_1_89' title='bbox 337 1292 375 1358; x_wconf 95' lang='lat' dir='ltr'><strong>In</strong></span> <span class='ocrx_word' id='word_1_90' title='bbox 397 1293 531 1360; x_wconf 80' lang='lat' dir='ltr'><strong>articulo</strong></span> <span class='ocrx_word' id='word_1_91' title='bbox 553 1294 598 1384; x_wconf 76' lang='grc' dir='ltr'><strong>τῷ</strong></span> <span class='ocrx_word' id='word_1_92' title='bbox 616 1305 690 1357; x_wconf 86' lang='lat' dir='ltr'><strong>ante</strong></span> <span class='ocrx_word' id='word_1_93' title='bbox 715 1285 835 1378; x_wconf 77' lang='grc' dir='ltr'><strong><em>αἵματι</em></strong></span> <span class='ocrx_word' id='word_1_94' title='bbox 854 1294 943 1361; x_wconf 85' lang='lat' dir='ltr'><strong>nulla</strong></span> <span class='ocrx_word' id='word_1_95' title='bbox 960 1300 1011 1361; x_wconf 88' lang='lat' dir='ltr'><strong>vis</strong></span> <span class='ocrx_word' id='word_1_96' title='bbox 1028 1301 1164 1385; x_wconf 85' lang='lat' dir='ltr'><strong>quaeren-</strong></span> 
     </span>
     <span class='ocr_line' id='line_1_11' title="bbox 126 1383 1163 1484; baseline 0.007 -27"><span class='ocrx_word' id='word_1_97' title='bbox 126 1394 177 1475; x_wconf 83' lang='lat' dir='ltr'><strong>da,</strong></span> <span class='ocrx_word' id='word_1_98' title='bbox 191 1383 370 1477; x_wconf 82' lang='lat' dir='ltr'><strong>praecessit</strong></span> <span class='ocrx_word' id='word_1_99' title='bbox 382 1416 414 1457; x_wconf 91' lang='lat' dir='ltr'><strong>v.</strong></span> <span class='ocrx_word' id='word_1_100' title='bbox 432 1401 481 1458; x_wconf 87' lang='grc'><strong>18.</strong></span> <span class='ocrx_word' id='word_1_101' title='bbox 498 1387 629 1477; x_wconf 80' lang='grc' dir='ltr'><strong><em>αἵματι,</em></strong></span> <span class='ocrx_word' id='word_1_102' title='bbox 642 1395 787 1480; x_wconf 81' lang='lat' dir='ltr'><strong>sequitur</strong></span> <span class='ocrx_word' id='word_1_103' title='bbox 799 1411 830 1458; x_wconf 86' lang='lat' dir='ltr'><strong>v.</strong></span> <span class='ocrx_word' id='word_1_104' title='bbox 846 1402 895 1459; x_wconf 89' lang='lat'><strong>22.</strong></span> <span class='ocrx_word' id='word_1_105' title='bbox 911 1389 1043 1483; x_wconf 79' lang='grc' dir='ltr'><strong><em>α’ίματι.</em></strong></span> <span class='ocrx_word' id='word_1_106' title='bbox 1067 1396 1163 1484; x_wconf 80' lang='grc' dir='ltr'><strong><em>ἐρ’ῥιίν·</em></strong></span> 
     </span>
     <span class='ocr_line' id='line_1_12' title="bbox 125 1495 1172 1583; baseline 0.005 -25"><span class='ocrx_word' id='word_1_107' title='bbox 125 1515 199 1558; x_wconf 79' lang='grc' dir='ltr'><strong><em>τισι</em></strong></span> <span class='ocrx_word' id='word_1_108' title='bbox 215 1503 391 1583; x_wconf 77' lang='lat' dir='ltr'><strong>conspersit</strong></span> <span class='ocrx_word' id='word_1_109' title='bbox 406 1495 472 1557; x_wconf 86' lang='lat' dir='ltr'><strong>vid.</strong></span> <span class='ocrx_word' id='word_1_110' title='bbox 482 1495 522 1558; x_wconf 85' lang='lat' dir='ltr'><strong>ad</strong></span> <span class='ocrx_word' id='word_1_111' title='bbox 535 1516 567 1557; x_wconf 91' lang='lat' dir='ltr'><strong>v.</strong></span> <span class='ocrx_word' id='word_1_112' title='bbox 578 1502 628 1560; x_wconf 83' lang='lat'><strong>19.</strong></span> <span class='ocrx_word' id='word_1_113' title='bbox 649 1497 700 1579; x_wconf 86' lang='grc' dir='ltr'><strong>γ);</strong></span> <span class='ocrx_word' id='word_1_114' title='bbox 719 1497 898 1561; x_wconf 82' lang='lat' dir='ltr'><strong>accuratius</strong></span> <span class='ocrx_word' id='word_1_115' title='bbox 914 1496 1011 1564; x_wconf 91' lang='lat' dir='ltr'><strong>huius</strong></span> <span class='ocrx_word' id='word_1_116' title='bbox 1026 1500 1114 1567; x_wconf 84' lang='lat' dir='ltr'><strong>verbi</strong></span> <span class='ocrx_word' id='word_1_117' title='bbox 1124 1500 1172 1581; x_wconf 44' lang='lat' dir='ltr'><strong>vit,</strong></span> 
     </span>
     <span class='ocr_line' id='line_1_13' title="bbox 125 1583 1180 1679; baseline 0.006 -24"><span class='ocrx_word' id='word_1_118' title='bbox 125 1591 274 1656; x_wconf 87' lang='lat' dir='ltr'><strong>definitur</strong></span> <span class='ocrx_word' id='word_1_119' title='bbox 287 1593 387 1657; x_wconf 86' lang='lat' dir='ltr'><strong>verbo</strong></span> <span class='ocrx_word' id='word_1_120' title='bbox 404 1594 670 1679; x_wconf 78' lang='grc' dir='ltr'><strong><em>καθαρίζεσθαι</em></strong></span> <span class='ocrx_word' id='word_1_121' title='bbox 686 1616 718 1658; x_wconf 84' lang='lat' dir='ltr'><strong>v.</strong></span> <span class='ocrx_word' id='word_1_122' title='bbox 733 1599 784 1661; x_wconf 84' lang='lat'><strong>23.</strong></span> <span class='ocrx_word' id='word_1_123' title='bbox 893 1583 896 1587; x_wconf 54' lang='grc'><strong>’</strong></span> <span class='ocrx_word' id='word_1_124' title='bbox 1018 1653 1022 1660; x_wconf 91' lang='grc'><strong>.</strong></span> <span class='ocrx_word' id='word_1_125' title='bbox 1131 1584 1180 1675; x_wconf 48' lang='grc' dir='ltr'>ᾗ</span> 
     </span>
    </p>

    <p class='ocr_par' dir='ltr' id='par_1_4' title="bbox 36 1682 1170 2284">
     <span class='ocr_line' id='line_1_14' title="bbox 207 1682 1166 1784; baseline 0.003 -27"><span class='ocrx_word' id='word_1_126' title='bbox 207 1701 259 1758; x_wconf 89' lang='grc'><strong>22.</strong></span> <span class='ocrx_word' id='word_1_127' title='bbox 280 1692 325 1758; x_wconf 92' lang='lat' dir='ltr'><strong>Ut</strong></span> <span class='ocrx_word' id='word_1_128' title='bbox 339 1695 461 1759; x_wconf 84' lang='lat' dir='ltr'><strong>Christi</strong></span> <span class='ocrx_word' id='word_1_129' title='bbox 477 1707 611 1784; x_wconf 76' lang='lat' dir='ltr'><strong>mortain</strong></span> <span class='ocrx_word' id='word_1_130' title='bbox 638 1704 801 1761; x_wconf 78' lang='lat' dir='ltr'>cruentam</span> <span class='ocrx_word' id='word_1_131' title='bbox 822 1696 1011 1764; x_wconf 81' lang='lat' dir='ltr'><strong>defenderet</strong></span> <span class='ocrx_word' id='word_1_132' title='bbox 1035 1682 1166 1783; x_wconf 84' lang='lat' dir='ltr'><strong>scriptor,</strong></span> 
     </span>
     <span class='ocr_line' id='line_1_15' title="bbox 123 1792 1167 1882; baseline 0.002 -24"><span class='ocrx_word' id='word_1_133' title='bbox 123 1807 325 1876; x_wconf 87' lang='lat' dir='ltr'><strong>memorarat,</strong></span> <span class='ocrx_word' id='word_1_134' title='bbox 348 1796 464 1858; x_wconf 86' lang='lat' dir='ltr'><strong>foedus</strong></span> <span class='ocrx_word' id='word_1_135' title='bbox 487 1792 651 1882; x_wconf 82' lang='lat' dir='ltr'><strong>antiquum</strong></span> <span class='ocrx_word' id='word_1_136' title='bbox 674 1796 830 1880; x_wconf 81' lang='lat' dir='ltr'><strong>sanguina</strong></span> <span class='ocrx_word' id='word_1_137' title='bbox 855 1797 1075 1863; x_wconf 80' lang='lat' dir='ltr'><strong>confirmatum</strong></span> <span class='ocrx_word' id='word_1_138' title='bbox 1090 1821 1118 1860; x_wconf 88' lang='lat' dir='ltr'><strong>v.</strong></span> <span class='ocrx_word' id='word_1_139' title='bbox 1132 1797 1167 1860; x_wconf 85' lang='grc'><strong>18</strong></span> 
     </span>
     <span class='ocr_line' id='line_1_16' title="bbox 73 1895 1169 1981; baseline 0.004 -23"><span class='ocrx_word' id='word_1_140' title='bbox 73 1976 76 1980; x_wconf 19' lang='lat'><strong>⁴</strong></span> <span class='ocrx_word' id='word_1_141' title='bbox 125 1900 198 1959; x_wconf 90' lang='lat'><strong>·20.</strong></span> <span class='ocrx_word' id='word_1_142' title='bbox 209 1898 295 1960; x_wconf 74' lang='lat' dir='ltr'><strong>item</strong></span> <span class='ocrx_word' id='word_1_143' title='bbox 309 1896 549 1960; x_wconf 87' lang='lat' dir='ltr'><strong>tabernaculum</strong></span> <span class='ocrx_word' id='word_1_144' title='bbox 563 1899 718 1981; x_wconf 82' lang='lat' dir='ltr'><strong>sanguine</strong></span> <span class='ocrx_word' id='word_1_145' title='bbox 733 1895 902 1962; x_wconf 86' lang='lat' dir='ltr'><strong>lustratum</strong></span> <span class='ocrx_word' id='word_1_146' title='bbox 915 1910 946 1962; x_wconf 87' lang='lat' dir='ltr'><strong>et</strong></span> <span class='ocrx_word' id='word_1_147' title='bbox 962 1912 1169 1966; x_wconf 78' lang='lat' dir='ltr'><strong>consecratum</strong></span> 
     </span>
     <span class='ocr_line' id='line_1_17' title="bbox 124 1978 1167 2082; baseline 0.006 -25"><span class='ocrx_word' id='word_1_148' title='bbox 124 1997 227 2058; x_wconf 84' lang='lat' dir='ltr'><strong>fuisse</strong></span> <span class='ocrx_word' id='word_1_149' title='bbox 251 2017 283 2058; x_wconf 86' lang='lat' dir='ltr'><strong>v.</strong></span> <span class='ocrx_word' id='word_1_150' title='bbox 304 2002 363 2060; x_wconf 65' lang='grc'><strong>21.4</strong></span> <span class='ocrx_word' id='word_1_151' title='bbox 380 2008 412 2059; x_wconf 91' lang='lat' dir='ltr'><strong>et</strong></span> <span class='ocrx_word' id='word_1_152' title='bbox 436 1998 501 2061; x_wconf 86' lang='lat' dir='ltr'><strong>iarn</strong></span> <span class='ocrx_word' id='word_1_153' title='bbox 523 2019 555 2061; x_wconf 87' lang='lat' dir='ltr'><strong>v.</strong></span> <span class='ocrx_word' id='word_1_154' title='bbox 576 2005 628 2060; x_wconf 87' lang='lat'><strong>22.</strong></span> <span class='ocrx_word' id='word_1_155' title='bbox 649 1978 753 2061; x_wconf 87' lang='lat' dir='ltr'><strong>addit:</strong></span> <span class='ocrx_word' id='word_1_156' title='bbox 783 2008 815 2062; x_wconf 83' lang='lat' dir='ltr'><strong>et</strong></span> <span class='ocrx_word' id='word_1_157' title='bbox 835 1999 918 2076; x_wconf 79' lang='lat' dir='ltr'><strong>fere</strong></span> <span class='ocrx_word' id='word_1_158' title='bbox 941 2008 1045 2066; x_wconf 76' lang='lat' dir='ltr'><strong>omnio</strong></span> <span class='ocrx_word' id='word_1_159' title='bbox 1064 2023 1082 2064; x_wconf 85' lang='lat' dir='ltr'><strong>e</strong></span> <span class='ocrx_word' id='word_1_160' title='bbox 1099 2005 1167 2082; x_wconf 75' lang='lat' dir='ltr'><strong>legis</strong></span> 
     </span>
     <span class='ocr_line' id='line_1_18' title="bbox 119 2086 1170 2185; baseline 0.001 -23"><span class='ocrx_word' id='word_1_161' title='bbox 119 2107 298 2185; x_wconf 80' lang='lat' dir='ltr'><strong>praecepto</strong></span> <span class='ocrx_word' id='word_1_162' title='bbox 313 2086 467 2179; x_wconf 76' lang='lat' dir='ltr'><strong>sunguine</strong></span> <span class='ocrx_word' id='word_1_163' title='bbox 481 2094 751 2177; x_wconf 64' lang='lat' dir='ltr'><strong>luttruattmeo</strong></span> <span class='ocrx_word' id='word_1_164' title='bbox 766 2105 834 2162; x_wconf 82' lang='grc' dir='ltr'><strong>ιίαο</strong></span> <span class='ocrx_word' id='word_1_165' title='bbox 848 2109 1011 2182; x_wconf 66' lang='lat' dir='ltr'><strong>sanguin-eb</strong></span> <span class='ocrx_word' id='word_1_166' title='bbox 1025 2104 1170 2182; x_wconf 68' lang='lat' dir='ltr'><strong>efflatione</strong></span> 
     </span>
     <span class='ocr_line' id='line_1_19' title="bbox 36 2189 1165 2284; baseline 0 -22"><span class='ocrx_word' id='word_1_167' title='bbox 36 2220 40 2227; x_wconf 82' lang='grc'><em>’</em></span> <span class='ocrx_word' id='word_1_168' title='bbox 80 2246 81 2253; x_wconf 53' lang='grc'><strong>.</strong></span> <span class='ocrx_word' id='word_1_169' title='bbox 121 2203 481 2284; x_wconf 71' lang='lat' dir='ltr'><strong>peooutom&#39;renutn&#39;o</strong></span> <span class='ocrx_word' id='word_1_170' title='bbox 498 2205 663 2281; x_wconf 74' lang='lat' dir='ltr'><strong>contingit.</strong></span> <span class='ocrx_word' id='word_1_171' title='bbox 704 2189 864 2284; x_wconf 82' lang='lat' dir='ltr'><strong>Loquitur</strong></span> <span class='ocrx_word' id='word_1_172' title='bbox 879 2199 919 2263; x_wconf 88' lang='lat' dir='ltr'><strong>de</strong></span> <span class='ocrx_word' id='word_1_173' title='bbox 934 2199 1165 2265; x_wconf 75' lang='lat' dir='ltr'><strong>lustrationibus</strong></span> 
     </span>
    </p>
   </div>
   <div class='ocr_carea' id='block_1_3' title="bbox 20 2298 1165 2383">
    <p class='ocr_par' dir='ltr' id='par_1_5' title="bbox 20 2298 1165 2383">
     <span class='ocr_line' id='line_1_20' title="bbox 20 2298 1165 2383; baseline 0.001 -20"><span class='ocrx_word' id='word_1_174' title='bbox 20 2313 21 2319; x_wconf 77' lang='grc'>’</span> <span class='ocrx_word' id='word_1_175' title='bbox 125 2300 261 2364; x_wconf 81' lang='lat' dir='ltr'><strong>subinde</strong></span> <span class='ocrx_word' id='word_1_176' title='bbox 282 2298 490 2383; x_wconf 77' lang='lat' dir='ltr'><strong>peragendis</strong></span> <span class='ocrx_word' id='word_1_177' title='bbox 504 2308 536 2359; x_wconf 88' lang='lat' dir='ltr'><strong>et</strong></span> <span class='ocrx_word' id='word_1_178' title='bbox 560 2301 697 2363; x_wconf 86' lang='lat' dir='ltr'><strong>victimis</strong></span> <span class='ocrx_word' id='word_1_179' title='bbox 724 2300 909 2362; x_wconf 87' lang='lat' dir='ltr'><strong>oll&#39;erendis.</strong></span> <span class='ocrx_word' id='word_1_180' title='bbox 953 2300 1098 2367; x_wconf 86' lang='lat' dir='ltr'><strong>Verbum</strong></span> <span class='ocrx_word' id='word_1_181' title='bbox 1113 2324 1165 2365; x_wconf 69' lang='grc' dir='ltr'><strong>ιιο4</strong></span> 
     </span>
    </p>
   </div>
   <div class='ocr_carea' id='block_1_4' title="bbox 85 2397 1180 3995">
    <p class='ocr_par' dir='ltr' id='par_1_6' title="bbox 85 2397 1180 3995">
     <span class='ocr_line' id='line_1_21' title="bbox 123 2397 1161 2491; baseline 0.002 -27"><span class='ocrx_word' id='word_1_182' title='bbox 123 2400 283 2487; x_wconf 75' lang='grc' dir='ltr'><strong><em>θαρίζιιν</em></strong></span> <span class='ocrx_word' id='word_1_183' title='bbox 298 2399 383 2486; x_wconf 89' lang='lat' dir='ltr'><strong>qnod</strong></span> <span class='ocrx_word' id='word_1_184' title='bbox 399 2397 561 2483; x_wconf 81' lang='lat' dir='ltr'><strong>signifieat</strong></span> <span class='ocrx_word' id='word_1_185' title='bbox 572 2402 726 2479; x_wconf 78' lang='lat' dir='ltr'><strong>lustrare,</strong></span> <span class='ocrx_word' id='word_1_186' title='bbox 745 2421 900 2485; x_wconf 83' lang='lat' dir='ltr'><strong>purgare,</strong></span> <span class='ocrx_word' id='word_1_187' title='bbox 926 2405 1024 2467; x_wconf 88' lang='lat' dir='ltr'><strong>etiam</strong></span> <span class='ocrx_word' id='word_1_188' title='bbox 1038 2411 1161 2491; x_wconf 76' lang='grc' dir='ltr'><strong><em>ειιγίιιττ</em></strong></span> 
     </span>
     <span class='ocr_line' id='line_1_22' title="bbox 91 2497 1159 2587; baseline 0.005 -24"><span class='ocrx_word' id='word_1_189' title='bbox 91 2543 95 2549; x_wconf 80' lang='lat'><em>-</em></span> <span class='ocrx_word' id='word_1_190' title='bbox 123 2503 225 2587; x_wconf 83' lang='lat' dir='ltr'><strong>(prius</strong></span> <span class='ocrx_word' id='word_1_191' title='bbox 241 2497 375 2563; x_wconf 84' lang='lat' dir='ltr'><strong>alterurn</strong></span> <span class='ocrx_word' id='word_1_192' title='bbox 394 2497 490 2561; x_wconf 89' lang='lat' dir='ltr'><strong>simul</strong></span> <span class='ocrx_word' id='word_1_193' title='bbox 502 2498 649 2584; x_wconf 82' lang='lat' dir='ltr'><strong>includit)</strong></span> <span class='ocrx_word' id='word_1_194' title='bbox 667 2512 699 2563; x_wconf 87' lang='lat' dir='ltr'><strong>et</strong></span> <span class='ocrx_word' id='word_1_195' title='bbox 716 2521 841 2564; x_wconf 79' lang='grc' dir='ltr'><strong><em>ιαινιιια</em></strong></span> <span class='ocrx_word' id='word_1_196' title='bbox 852 2502 987 2584; x_wconf 83' lang='lat' dir='ltr'><strong>fucere,</strong></span> <span class='ocrx_word' id='word_1_197' title='bbox 1010 2525 1159 2570; x_wconf 72' lang='lat' dir='ltr'><strong>consecra·</strong></span> 
     </span>
     <span class='ocr_line' id='line_1_23' title="bbox 122 2597 1155 2687; baseline -0.001 -21"><span class='ocrx_word' id='word_1_198' title='bbox 122 2623 171 2678; x_wconf 86' lang='lat' dir='ltr'><strong>re,</strong></span> <span class='ocrx_word' id='word_1_199' title='bbox 192 2599 225 2663; x_wconf 88' lang='lat' dir='ltr'><strong>h.</strong></span> <span class='ocrx_word' id='word_1_200' title='bbox 243 2598 266 2662; x_wconf 96' lang='lat' dir='ltr'><strong>l.</strong></span> <span class='ocrx_word' id='word_1_201' title='bbox 287 2597 516 2683; x_wconf 85' lang='lat' dir='ltr'><strong>sensulatiori</strong></span> <span class='ocrx_word' id='word_1_202' title='bbox 539 2600 757 2685; x_wconf 81' lang='lat' dir='ltr'><strong>accipiendum</strong></span> <span class='ocrx_word' id='word_1_203' title='bbox 780 2612 839 2682; x_wconf 86' lang='lat' dir='ltr'><strong>est,</strong></span> <span class='ocrx_word' id='word_1_204' title='bbox 862 2601 902 2665; x_wconf 90' lang='lat' dir='ltr'><strong>de</strong></span> <span class='ocrx_word' id='word_1_205' title='bbox 914 2613 1110 2687; x_wconf 80' lang='lat' dir='ltr'><strong>purgatione</strong></span> <span class='ocrx_word' id='word_1_206' title='bbox 1125 2603 1155 2666; x_wconf 87' lang='lat' dir='ltr'><strong>ab</strong></span> 
     </span>
     <span class='ocr_line' id='line_1_24' title="bbox 85 2697 1177 2792; baseline 0.003 -27"><span class='ocrx_word' id='word_1_207' title='bbox 85 2765 88 2775; x_wconf 74' lang='grc'><strong>,</strong></span> <span class='ocrx_word' id='word_1_208' title='bbox 123 2703 209 2766; x_wconf 89' lang='lat' dir='ltr'><strong>omni</strong></span> <span class='ocrx_word' id='word_1_209' title='bbox 224 2699 408 2784; x_wconf 86' lang='lat' dir='ltr'><strong>impuritate</strong></span> <span class='ocrx_word' id='word_1_210' title='bbox 424 2697 583 2780; x_wconf 86' lang='lat' dir='ltr'><strong>Levitioa,</strong></span> <span class='ocrx_word' id='word_1_211' title='bbox 606 2711 637 2764; x_wconf 87' lang='lat' dir='ltr'><strong>et</strong></span> <span class='ocrx_word' id='word_1_212' title='bbox 653 2710 902 2766; x_wconf 76' lang='lat' dir='ltr'><strong>consecratione.</strong></span> <span class='ocrx_word' id='word_1_213' title='bbox 923 2703 959 2767; x_wconf 80' lang='grc' dir='ltr'><strong>ἐν</strong></span> <span class='ocrx_word' id='word_1_214' title='bbox 977 2698 1093 2789; x_wconf 81' lang='grc' dir='ltr'><strong><em>αἵματι</em></strong></span> <span class='ocrx_word' id='word_1_215' title='bbox 1107 2723 1155 2792; x_wconf 81' lang='lat' dir='ltr'><strong>pet</strong></span> <span class='ocrx_word' id='word_1_216' title='bbox 1173 2732 1177 2747; x_wconf 74' lang='lat'><em>¹</em></span> 
     </span>
     <span class='ocr_line' id='line_1_25' title="bbox 122 2800 1152 2893; baseline -0.003 -23"><span class='ocrx_word' id='word_1_217' title='bbox 122 2808 303 2886; x_wconf 76' lang='lat' dir='ltr'><strong>sanguinem</strong></span> <span class='ocrx_word' id='word_1_218' title='bbox 316 2820 343 2864; x_wconf 90' lang='lat' dir='ltr'><strong>s.</strong></span> <span class='ocrx_word' id='word_1_219' title='bbox 360 2802 528 2884; x_wconf 85' lang='lat' dir='ltr'><strong>sanguine3</strong></span> <span class='ocrx_word' id='word_1_220' title='bbox 551 2800 664 2865; x_wconf 87' lang='lat' dir='ltr'><strong>eodem</strong></span> <span class='ocrx_word' id='word_1_221' title='bbox 679 2800 859 2886; x_wconf 81' lang='lat' dir='ltr'><strong>significatu</strong></span> <span class='ocrx_word' id='word_1_222' title='bbox 878 2802 1023 2893; x_wconf 76' lang='lat' dir='ltr'><strong>Hebraei</strong></span> <span class='ocrx_word' id='word_1_223' title='bbox 1036 2810 1180 2893; x_wconf 84' lang='lat' dir='ltr'><strong>partiou-</strong></span> 
     </span>
     <span class='ocr_line' id='line_1_26' title="bbox 121 2898 1150 2986; baseline -0.002 -16"><span class='ocrx_word' id='word_1_224' title='bbox 121 2905 185 2970; x_wconf 83' lang='lat' dir='ltr'><strong>lorn</strong></span> <span class='ocrx_word' id='word_1_225' title='bbox 201 2915 225 2968; x_wconf 64' lang='grc' dir='ltr'><strong>ι</strong></span> <span class='ocrx_word' id='word_1_226' title='bbox 240 2898 421 2965; x_wconf 89' lang='lat' dir='ltr'><strong>nominibus</strong></span> <span class='ocrx_word' id='word_1_227' title='bbox 441 2916 548 2964; x_wconf 89' lang='lat' dir='ltr'><strong>rerum</strong></span> <span class='ocrx_word' id='word_1_228' title='bbox 569 2903 704 2986; x_wconf 82' lang='lat' dir='ltr'><strong>iungere</strong></span> <span class='ocrx_word' id='word_1_229' title='bbox 720 2901 826 2967; x_wconf 86' lang='lat' dir='ltr'><strong>solent</strong></span> <span class='ocrx_word' id='word_1_230' title='bbox 841 2924 871 2966; x_wconf 86' lang='lat' dir='ltr'><strong>v.</strong></span> <span class='ocrx_word' id='word_1_231' title='bbox 893 2905 1039 2972; x_wconf 75' lang='lat' dir='ltr'><strong>Veratius</strong></span> <span class='ocrx_word' id='word_1_232' title='bbox 1053 2909 1089 2971; x_wconf 89' lang='lat' dir='ltr'><strong>de</strong></span> <span class='ocrx_word' id='word_1_233' title='bbox 1100 2905 1150 2968; x_wconf 85' lang='lat' dir='ltr'><strong>He·</strong></span> 
     </span>
     <span class='ocr_line' id='line_1_27' title="bbox 123 3001 1180 3091; baseline -0.001 -22"><span class='ocrx_word' id='word_1_234' title='bbox 123 3006 285 3069; x_wconf 87' lang='lat' dir='ltr'><strong>braismrn.</strong></span> <span class='ocrx_word' id='word_1_235' title='bbox 298 3025 331 3086; x_wconf 92' lang='lat' dir='ltr'><strong>p.</strong></span> <span class='ocrx_word' id='word_1_236' title='bbox 347 3007 544 3087; x_wconf 83' lang='lat' dir='ltr'><strong>218.&#39;neque¹</strong></span> <span class='ocrx_word' id='word_1_237' title='bbox 557 3013 663 3064; x_wconf 87' lang='lat' dir='ltr'><strong>tamen</strong></span> <span class='ocrx_word' id='word_1_238' title='bbox 676 3001 758 3066; x_wconf 90' lang='lat' dir='ltr'><strong>haeo</strong></span> <span class='ocrx_word' id='word_1_239' title='bbox 771 3001 923 3089; x_wconf 87' lang='lat' dir='ltr'><strong>loquendi</strong></span> <span class='ocrx_word' id='word_1_240' title='bbox 933 3009 1018 3071; x_wconf 87' lang='lat' dir='ltr'><strong>ratio</strong></span> <span class='ocrx_word' id='word_1_241' title='bbox 1038 3010 1148 3091; x_wconf 86' lang='lat' dir='ltr'><strong>scripto·</strong></span> <span class='ocrx_word' id='word_1_242' title='bbox 1167 3026 1180 3077; x_wconf 71' lang='grc' dir='ltr'><strong>ι,</strong></span> 
     </span>
     <span class='ocr_line' id='line_1_28' title="bbox 120 3101 1148 3193; baseline -0.006 -23"><span class='ocrx_word' id='word_1_243' title='bbox 120 3107 210 3170; x_wconf 88' lang='lat' dir='ltr'><strong>ribus</strong></span> <span class='ocrx_word' id='word_1_244' title='bbox 238 3104 373 3169; x_wconf 80' lang='lat' dir='ltr'><strong>Graecis</strong></span> <span class='ocrx_word' id='word_1_245' title='bbox 391 3104 543 3165; x_wconf 89' lang='lat' dir='ltr'><strong>inusitata</strong></span> <span class='ocrx_word' id='word_1_246' title='bbox 565 3113 614 3164; x_wconf 90' lang='lat' dir='ltr'><strong>est</strong></span> <span class='ocrx_word' id='word_1_247' title='bbox 638 3101 738 3185; x_wconf 81' lang='lat' dir='ltr'><strong>Soph.</strong></span> <span class='ocrx_word' id='word_1_248' title='bbox 758 3101 842 3167; x_wconf 91' lang='lat' dir='ltr'><strong>0ed.</strong></span> <span class='ocrx_word' id='word_1_249' title='bbox 856 3102 933 3187; x_wconf 86' lang='lat' dir='ltr'><strong>Tyr.</strong></span> <span class='ocrx_word' id='word_1_250' title='bbox 947 3113 1020 3172; x_wconf 86' lang='lat'><strong>821.</strong></span> <span class='ocrx_word' id='word_1_251' title='bbox 1043 3108 1111 3193; x_wconf 77' lang='grc' dir='ltr'><strong>λέχη</strong></span> <span class='ocrx_word' id='word_1_252' title='bbox 1123 3103 1148 3166; x_wconf 76' lang='grc' dir='ltr'><strong>δὲ</strong></span> 
     </span>
     <span class='ocr_line' id='line_1_29' title="bbox 120 3198 1146 3295; baseline -0.009 -22"><span class='ocrx_word' id='word_1_253' title='bbox 120 3210 179 3273; x_wconf 82' lang='grc' dir='ltr'><strong>τοῦ</strong></span> <span class='ocrx_word' id='word_1_254' title='bbox 202 3205 374 3279; x_wconf 73' lang='grc' dir='ltr'><strong><em>θανόντος</em></strong></span> <span class='ocrx_word' id='word_1_255' title='bbox 395 3205 435 3286; x_wconf 79' lang='grc' dir='ltr'><strong>ἐν</strong></span> <span class='ocrx_word' id='word_1_256' title='bbox 449 3205 561 3290; x_wconf 78' lang='grc' dir='ltr'><strong><em>χεροῖν</em></strong></span> <span class='ocrx_word' id='word_1_257' title='bbox 583 3203 681 3288; x_wconf 79' lang='grc' dir='ltr'><strong><em>ἕμαίν</em></strong></span> <span class='ocrx_word' id='word_1_258' title='bbox 698 3201 843 3289; x_wconf 82' lang='grc' dir='ltr'><strong><em>γραίνω,</em></strong></span> <span class='ocrx_word' id='word_1_259' title='bbox 872 3200 918 3270; x_wconf 65' lang='grc' dir='ltr'><strong>δι’</strong></span> <span class='ocrx_word' id='word_1_260' title='bbox 934 3198 1041 3295; x_wconf 72' lang='grc' dir='ltr'><strong><em>ὦνπερ</em></strong></span> <span class='ocrx_word' id='word_1_261' title='bbox 1062 3207 1146 3270; x_wconf 72' lang='grc' dir='ltr'><strong><em>ὤλετο.</em></strong></span> 
     </span>
     <span class='ocr_line' id='line_1_30' title="bbox 119 3301 1145 3394; baseline -0.003 -23"><span class='ocrx_word' id='word_1_262' title='bbox 119 3307 276 3372; x_wconf 88' lang='lat' dir='ltr'><strong>Herodot.</strong></span> <span class='ocrx_word' id='word_1_263' title='bbox 292 3304 336 3368; x_wconf 87' lang='lat' dir='ltr'><strong>V.</strong></span> <span class='ocrx_word' id='word_1_264' title='bbox 351 3304 449 3368; x_wconf 85' lang='lat' dir='ltr'><strong>Hom.</strong></span> <span class='ocrx_word' id='word_1_265' title='bbox 464 3308 516 3367; x_wconf 87' lang='grc'><strong>24.</strong></span> <span class='ocrx_word' id='word_1_266' title='bbox 537 3303 572 3368; x_wconf 79' lang='grc' dir='ltr'><strong>ἐν</strong></span> <span class='ocrx_word' id='word_1_267' title='bbox 586 3303 626 3394; x_wconf 75' lang='grc' dir='ltr'><strong>τῇ</strong></span> <span class='ocrx_word' id='word_1_268' title='bbox 643 3301 739 3391; x_wconf 64' lang='lat' dir='ltr'><strong>audiat</strong></span> <span class='ocrx_word' id='word_1_269' title='bbox 756 3301 959 3388; x_wconf 77' lang='grc' dir='ltr'><strong><em>περιβόητος</em></strong></span> <span class='ocrx_word' id='word_1_270' title='bbox 972 3305 1037 3388; x_wconf 77' lang='grc' dir='ltr'><strong>ἤδη</strong></span> <span class='ocrx_word' id='word_1_271' title='bbox 1063 3307 1145 3390; x_wconf 78' lang='grc' dir='ltr'><strong><em>ἐγίνι·</em></strong></span> 
     </span>
     <span class='ocr_line' id='line_1_31' title="bbox 121 3404 1180 3502; baseline -0.006 -28"><span class='ocrx_word' id='word_1_272' title='bbox 121 3432 159 3474; x_wconf 94' lang='grc' dir='ltr'><strong>το</strong></span> <span class='ocrx_word' id='word_1_273' title='bbox 174 3408 209 3472; x_wconf 81' lang='grc' dir='ltr'><strong>ἐν</strong></span> <span class='ocrx_word' id='word_1_274' title='bbox 222 3408 263 3498; x_wconf 77' lang='grc' dir='ltr'><strong>τῇ</strong></span> <span class='ocrx_word' id='word_1_275' title='bbox 277 3404 408 3486; x_wconf 80' lang='grc' dir='ltr'><strong><em>ποιήσει</em></strong></span> <span class='ocrx_word' id='word_1_276' title='bbox 420 3428 451 3468; x_wconf 89' lang='lat' dir='ltr'><strong>v.</strong></span> <span class='ocrx_word' id='word_1_277' title='bbox 463 3405 680 3489; x_wconf 63' lang='lat' dir='ltr'><strong>Remoto-tos.</strong></span> <span class='ocrx_word' id='word_1_278' title='bbox 695 3405 738 3495; x_wconf 28' lang='lat' dir='ltr'><strong>ad·</strong></span> <span class='ocrx_word' id='word_1_279' title='bbox 748 3404 882 3469; x_wconf 85' lang='lat' dir='ltr'><strong>Lucian.</strong></span> <span class='ocrx_word' id='word_1_280' title='bbox 899 3405 940 3471; x_wconf 88' lang='grc' dir='ltr'><strong>Τ.</strong></span> <span class='ocrx_word' id='word_1_281' title='bbox 951 3417 981 3474; x_wconf 91' lang='grc'><strong>2.</strong></span> <span class='ocrx_word' id='word_1_282' title='bbox 997 3432 1029 3496; x_wconf 88' lang='lat' dir='ltr'><strong>p.</strong></span> <span class='ocrx_word' id='word_1_283' title='bbox 1044 3416 1098 3474; x_wconf 82' lang='grc'><strong>622</strong></span> <span class='ocrx_word' id='word_1_284' title='bbox 1110 3427 1144 3488; x_wconf 82' lang='lat' dir='ltr'><strong>sq.</strong></span> <span class='ocrx_word' id='word_1_285' title='bbox 1170 3446 1180 3502; x_wconf 67' lang='lat' dir='ltr'><strong>&#39;t</strong></span> 
     </span>
     <span class='ocr_line' id='line_1_32' title="bbox 119 3492 1180 3591; baseline -0.008 -15"><span class='ocrx_word' id='word_1_286' title='bbox 119 3511 296 3576; x_wconf 75' lang='lat' dir='ltr'><strong>Brunclu&#39;ur</strong></span> <span class='ocrx_word' id='word_1_287' title='bbox 317 3510 357 3572; x_wconf 86' lang='lat' dir='ltr'><strong>ad</strong></span> <span class='ocrx_word' id='word_1_288' title='bbox 379 3506 480 3591; x_wconf 83' lang='lat' dir='ltr'><strong>Soph.</strong></span> <span class='ocrx_word' id='word_1_289' title='bbox 505 3504 588 3568; x_wconf 86' lang='lat' dir='ltr'><strong>Phil.</strong></span> <span class='ocrx_word' id='word_1_290' title='bbox 605 3512 655 3571; x_wconf 89' lang='lat'><strong>60.</strong></span> <span class='ocrx_word' id='word_1_291' title='bbox 679 3492 839 3570; x_wconf 67' lang='lat' dir='ltr'><strong>Podbouus</strong></span> <span class='ocrx_word' id='word_1_292' title='bbox 862 3509 902 3571; x_wconf 88' lang='lat' dir='ltr'><strong>ad</strong></span> <span class='ocrx_word' id='word_1_293' title='bbox 915 3509 993 3573; x_wconf 89' lang='lat' dir='ltr'><strong>Eur.</strong></span> <span class='ocrx_word' id='word_1_294' title='bbox 1007 3509 1063 3575; x_wconf 88' lang='lat' dir='ltr'><strong>Or.</strong></span> <span class='ocrx_word' id='word_1_295' title='bbox 1078 3511 1144 3574; x_wconf 84' lang='grc'><strong>1018.</strong></span> <span class='ocrx_word' id='word_1_296' title='bbox 1170 3562 1180 3591; x_wconf 33' lang='grc' dir='ltr'><strong>Ἰ</strong></span> 
     </span>
     <span class='ocr_line' id='line_1_33' title="bbox 118 3605 1142 3692; baseline -0.012 -13"><span class='ocrx_word' id='word_1_297' title='bbox 118 3610 230 3679; x_wconf 79' lang='grc' dir='ltr'><strong><em>πάντα</em></strong></span> <span class='ocrx_word' id='word_1_298' title='bbox 243 3617 358 3687; x_wconf 67' lang='lat' dir='ltr'><strong>ornatu,</strong></span> <span class='ocrx_word' id='word_1_299' title='bbox 379 3630 431 3671; x_wconf 92' lang='lat' dir='ltr'><strong>res</strong></span> <span class='ocrx_word' id='word_1_300' title='bbox 446 3620 477 3671; x_wconf 87' lang='lat' dir='ltr'><strong>et</strong></span> <span class='ocrx_word' id='word_1_301' title='bbox 490 3628 647 3692; x_wconf 90' lang='lat' dir='ltr'><strong>personae</strong></span> <span class='ocrx_word' id='word_1_302' title='bbox 664 3605 715 3669; x_wconf 90' lang='lat' dir='ltr'><strong>vel</strong></span> <span class='ocrx_word' id='word_1_303' title='bbox 729 3605 912 3672; x_wconf 86' lang='lat' dir='ltr'><strong>lustrandae</strong></span> <span class='ocrx_word' id='word_1_304' title='bbox 928 3623 960 3672; x_wconf 88' lang='lat' dir='ltr'><strong>et</strong></span> <span class='ocrx_word' id='word_1_305' title='bbox 982 3628 1142 3675; x_wconf 83' lang='lat' dir='ltr'><strong>consecran-</strong></span> 
     </span>
     <span class='ocr_line' id='line_1_34' title="bbox 119 3693 1180 3795; baseline -0.009 -16"><span class='ocrx_word' id='word_1_306' title='bbox 119 3716 190 3795; x_wconf 87' lang='lat' dir='ltr'><strong>dae,</strong></span> <span class='ocrx_word' id='word_1_307' title='bbox 209 3711 263 3776; x_wconf 90' lang='lat' dir='ltr'><strong>vel</strong></span> <span class='ocrx_word' id='word_1_308' title='bbox 282 3710 473 3794; x_wconf 86' lang='lat' dir='ltr'><strong>expiandae.</strong></span> <span class='ocrx_word' id='word_1_309' title='bbox 515 3693 657 3792; x_wconf 84' lang='lat' dir='ltr'><strong>Leprosi</strong></span> <span class='ocrx_word' id='word_1_310' title='bbox 670 3707 733 3769; x_wconf 92' lang='lat' dir='ltr'><strong>dno</strong></span> <span class='ocrx_word' id='word_1_311' title='bbox 751 3728 852 3790; x_wconf 85' lang='lat' dir='ltr'><strong>agnos</strong></span> <span class='ocrx_word' id='word_1_312' title='bbox 871 3709 991 3774; x_wconf 85' lang='lat' dir='ltr'><strong>oli&#39;erre</strong></span> <span class='ocrx_word' id='word_1_313' title='bbox 1012 3709 1142 3776; x_wconf 79' lang='lat' dir='ltr'><strong>debebant</strong></span> <span class='ocrx_word' id='word_1_314' title='bbox 1167 3758 1180 3783; x_wconf 66' lang='grc'>,</span> 
     </span>
     <span class='ocr_line' id='line_1_35' title="bbox 119 3807 1139 3897; baseline -0.01 -18"><span class='ocrx_word' id='word_1_315' title='bbox 119 3827 151 3879; x_wconf 86' lang='grc' dir='ltr'><strong>ο1</strong></span> <span class='ocrx_word' id='word_1_316' title='bbox 166 3811 405 3897; x_wconf 75' lang='lat' dir='ltr'><strong>lustrabantur,</strong></span> <span class='ocrx_word' id='word_1_317' title='bbox 416 3811 473 3890; x_wconf 90' lang='lat' dir='ltr'><strong>ita,</strong></span> <span class='ocrx_word' id='word_1_318' title='bbox 494 3820 529 3870; x_wconf 90' lang='lat' dir='ltr'><strong>ut</strong></span> <span class='ocrx_word' id='word_1_319' title='bbox 544 3820 831 3892; x_wconf 84' lang='lat' dir='ltr'><strong>conspergerentur</strong></span> <span class='ocrx_word' id='word_1_320' title='bbox 845 3813 1003 3895; x_wconf 85' lang='lat' dir='ltr'><strong>sanguine</strong></span> <span class='ocrx_word' id='word_1_321' title='bbox 1018 3833 1048 3876; x_wconf 84' lang='lat' dir='ltr'><strong>u.</strong></span> <span class='ocrx_word' id='word_1_322' title='bbox 1060 3807 1139 3874; x_wconf 78' lang='lat' dir='ltr'><strong>Levi·</strong></span> 
     </span>
     <span class='ocr_line' id='line_1_36' title="bbox 120 3907 1138 3995; baseline -0.007 -16"><span class='ocrx_word' id='word_1_323' title='bbox 120 3923 169 3995; x_wconf 82' lang='lat'><strong>14,</strong></span> <span class='ocrx_word' id='word_1_324' title='bbox 185 3919 216 3979; x_wconf 88' lang='grc'><strong>7.</strong></span> <span class='ocrx_word' id='word_1_325' title='bbox 232 3921 283 3977; x_wconf 89' lang='grc'><strong>21.</strong></span> <span class='ocrx_word' id='word_1_326' title='bbox 304 3909 367 3974; x_wconf 90' lang='lat' dir='ltr'><strong>Die</strong></span> <span class='ocrx_word' id='word_1_327' title='bbox 387 3910 584 3993; x_wconf 86' lang='lat' dir='ltr'><strong>expiationis</strong></span> <span class='ocrx_word' id='word_1_328' title='bbox 609 3907 735 3971; x_wconf 91' lang='lat' dir='ltr'><strong>solenni</strong></span> <span class='ocrx_word' id='word_1_329' title='bbox 757 3913 983 3993; x_wconf 85' lang='lat' dir='ltr'><strong>sanctuarinm,</strong></span> <span class='ocrx_word' id='word_1_330' title='bbox 1004 3912 1102 3986; x_wconf 86' lang='lat' dir='ltr'><strong>altaro,</strong></span> <span class='ocrx_word' id='word_1_331' title='bbox 1118 3923 1138 3963; x_wconf 73' lang='lat' dir='ltr'><strong>v·</strong></span> 
     </span>
    </p>
   </div>
   <div class='ocr_carea' id='block_1_5' title="bbox 13 4001 1136 4094">
    <p class='ocr_par' dir='ltr' id='par_1_7' title="bbox 13 4001 1136 4094">
     <span class='ocr_line' id='line_1_37' title="bbox 13 4001 1136 4094; baseline -0.009 -12"><span class='ocrx_word' id='word_1_332' title='bbox 13 4078 16 4082; x_wconf 24' lang='lat' dir='ltr'><strong>s</strong></span> <span class='ocrx_word' id='word_1_333' title='bbox 117 4015 224 4079; x_wconf 86' lang='lat' dir='ltr'><strong>Levit.</strong></span> <span class='ocrx_word' id='word_1_334' title='bbox 241 4020 291 4094; x_wconf 85' lang='lat'><strong>16,</strong></span> <span class='ocrx_word' id='word_1_335' title='bbox 309 4016 425 4077; x_wconf 84' lang='lat'><strong>15-20.</strong></span> <span class='ocrx_word' id='word_1_336' title='bbox 438 4010 579 4073; x_wconf 88' lang='lat' dir='ltr'><strong>lustrari</strong></span> <span class='ocrx_word' id='word_1_337' title='bbox 602 4021 633 4072; x_wconf 87' lang='lat' dir='ltr'><strong>et</strong></span> <span class='ocrx_word' id='word_1_338' title='bbox 651 4012 834 4074; x_wconf 84' lang='lat' dir='ltr'><strong>consecrari</strong></span> <span class='ocrx_word' id='word_1_339' title='bbox 857 4010 1018 4075; x_wconf 86' lang='lat' dir='ltr'><strong>debebant</strong></span> <span class='ocrx_word' id='word_1_340' title='bbox 1038 4001 1136 4089; x_wconf 64' lang='lat' dir='ltr'><strong>sangui·</strong></span> 
     </span>
    </p>
   </div>
   <div class='ocr_carea' id='block_1_6' title="bbox 118 4109 1180 4559">
    <p class='ocr_par' dir='ltr' id='par_1_8' title="bbox 118 4109 1180 4559">
     <span class='ocr_line' id='line_1_38' title="bbox 118 4109 1136 4198; baseline 0 -24"><span class='ocrx_word' id='word_1_341' title='bbox 118 4133 169 4191; x_wconf 89' lang='lat' dir='ltr'><strong>ne,</strong></span> <span class='ocrx_word' id='word_1_342' title='bbox 188 4111 345 4197; x_wconf 88' lang='lat' dir='ltr'><strong>pollutum</strong></span> <span class='ocrx_word' id='word_1_343' title='bbox 370 4113 455 4175; x_wconf 89' lang='lat' dir='ltr'><strong>enim</strong></span> <span class='ocrx_word' id='word_1_344' title='bbox 475 4109 663 4190; x_wconf 86' lang='lat' dir='ltr'><strong>habebatur,</strong></span> <span class='ocrx_word' id='word_1_345' title='bbox 685 4120 719 4172; x_wconf 91' lang='lat' dir='ltr'><strong>ut</strong></span> <span class='ocrx_word' id='word_1_346' title='bbox 740 4109 786 4172; x_wconf 91' lang='lat' dir='ltr'><strong>ibi</strong></span> <span class='ocrx_word' id='word_1_347' title='bbox 808 4132 839 4172; x_wconf 87' lang='lat' dir='ltr'><strong>v.</strong></span> <span class='ocrx_word' id='word_1_348' title='bbox 857 4117 906 4174; x_wconf 91' lang='grc'><strong>16.</strong></span> <span class='ocrx_word' id='word_1_349' title='bbox 927 4111 1069 4198; x_wconf 84' lang='lat' dir='ltr'><strong>legimus,</strong></span> <span class='ocrx_word' id='word_1_350' title='bbox 1086 4119 1136 4167; x_wconf 73' lang='lat'><strong>⁸³¹¹·</strong></span> 
     </span>
     <span class='ocr_line' id='line_1_39' title="bbox 121 4209 1180 4559; baseline -0.007 -282"><span class='ocrx_word' id='word_1_351' title='bbox 121 4215 275 4277; x_wconf 86' lang='lat' dir='ltr'><strong>otuariurn</strong></span> <span class='ocrx_word' id='word_1_352' title='bbox 287 4213 387 4277; x_wconf 86' lang='lat' dir='ltr'><strong>variis</strong></span> <span class='ocrx_word' id='word_1_353' title='bbox 400 4209 511 4298; x_wconf 87' lang='lat' dir='ltr'><strong>populi</strong></span> <span class='ocrx_word' id='word_1_354' title='bbox 527 4213 613 4274; x_wconf 79' lang='lat' dir='ltr'><strong>circa</strong></span> <span class='ocrx_word' id='word_1_355' title='bbox 627 4210 788 4276; x_wconf 87' lang='lat' dir='ltr'><strong>tendentis</strong></span> <span class='ocrx_word' id='word_1_356' title='bbox 811 4221 864 4273; x_wconf 75' lang='lat' dir='ltr'><strong>arnt</strong></span> <span class='ocrx_word' id='word_1_357' title='bbox 876 4210 1047 4278; x_wconf 87' lang='lat' dir='ltr'><strong>habitantis</strong></span> <span class='ocrx_word' id='word_1_358' title='bbox 1066 4211 1135 4286; x_wconf 78' lang='lat' dir='ltr'><strong>impu·</strong></span> <span class='ocrx_word' id='word_1_359' title='bbox 1163 4236 1180 4559; x_wconf 66' lang='lat' dir='ltr'><strong>p</strong></span> 
     </span>
    </p>
   </div>
   <div class='ocr_carea' id='block_1_7' title="bbox 0 0 1306 4746">
    <p class='ocr_par' dir='ltr' id='par_1_9' title="bbox 0 0 1306 4746">
     <span class='ocr_line' id='line_1_40' title="bbox 0 0 1306 4746; baseline 0 3"><span class='ocrx_word' id='word_1_360' title='bbox 0 0 1306 4746; x_wconf 95' lang='lat' dir='ltr'><strong> </strong></span> 
     </span>
    </p>
   </div>
  </div>
 </body>
</html>
