2604 4746
400 282 563 358 Caram
589 285 665 358 ΙΙΙ.
699 308 736 360 v.
764 294 799 360 t.
824 294 858 362 8.
1110 301 1161 373 99

111 457 154 515 ar.
176 471 206 513 v.
222 446 338 514 Maon.
352 454 404 530 aa,
420 456 474 531 aa.
495 450 568 514 Aet.
584 452 615 530 a,
632 456 684 514 21.
704 459 737 530 4,
750 410 926 517 aassflehr.
941 458 972 534 a,
987 460 1017 519 a
1038 463 1088 539 10,
1106 463 1156 524 15.

113 551 171 615 Sed
185 551 314 634 πνεῦμα
328 544 495 632 o‘lyeoo'est
510 572 550 616 ea
568 554 620 616 vis
632 550 757 635 divina,
785 574 867 638 qpae
882 556 916 616 in
932 554 1098 640 prophetis
1112 556 1157 622 V.

112 650 146 715 Τ.
160 652 194 715 in
210 648 382 734 Apostoli·
402 649 541 733 Christi,
569 649 706 738 aliisque
724 652 892 738 religionis
912 652 1097 721 doctoribus
1117 679 1154 722 se

112 749 316 813 manifestavit
334 769 367 814 v.
381 752 550 818 Plosckiss
569 751 705 816 devera
724 761 838 817 natura
853 764 949 838 atque
960 754 1068 820 indole
1080 778 1154 822 ora·
1255 804 1262 821 .

113 851 195 914 donis
216 848 363 914 Graecae
384 847 427 915 N.
447 848 489 914 Τ.
510 854 545 916 in
564 852 800 917 Roreamatllers'
818 848 1040 929 commentatt.
1062 855 1154 921 theo-

113 948 184 1036 logg.
196 947 278 1027 Vol.
291 956 324 1013 1.
345 947 382 1012 Ρ.
401 957 429 1015 1.
450 972 483 1036 p.
501 956 571 1017 187.
594 949 855 1039 crimpestede,
882 950 1005 1015 Psalmi
1022 952 1044 1017 1.
1064 955 1088 1019 l.
1109 961 1155 1020 si·

69 1073 71 1083 ·
115 1049 247 1134 gnificat:
274 1047 337 1113 hoc
351 1050 420 1132 die,
449 1064 611 1136 tempore,
641 1073 704 1137 quo
719 1071 779 1114 vos
791 1048 909 1113 adDei
928 1048 1048 1116 cultum
1061 1059 1153 1118 exei-

115 1152 225 1234 tamini;
260 1161 294 1213 et
311 1169 373 1233 per
391 1137 455 1228 τῆν
472 1149 589 1239 φωνήν
609 1152 710 1215 αὐτοῦ
731 1149 959 1234 intelligendae
981 1164 1055 1216 sunt
1075 1153 1153 1227 illae

117 1252 189 1335 ipsae
202 1247 441 1314 cohortationes
456 1252 497 1314 ad
510 1250 642 1336 pietatis
661 1249 817 1329 studium,
838 1272 920 1334 quae
937 1246 984 1311 ibi
1002 1273 1152 1334 praeces·

120 1362 217 1414 serant.
265 1348 333 1413 Sed
345 1347 441 1412 huius
455 1351 612 1434 epistolae
631 1361 757 1428 auctor,
788 1350 843 1434 qui
855 1347 962 1412 locum
973 1349 1096 1417 Psalmi
1111 1355 1153 1418 ad

69 1442 81 1500 3
120 1471 172 1514 am
183 1469 272 1514 snam
287 1448 456 1528 transfert,
484 1471 598 1516 vocem
614 1449 759 1537 σήμερον
773 1468 837 1511 non
850 1449 892 1511 ad
904 1445 1043 1515 Doridis
1059 1473 1153 1517 seca-

122 1547 170 1615 lmn
178 1549 340 1635 restringi,
363 1547 421 1611 sed
434 1550 532 1643 etiam
545 1552 585 1615 de
598 1573 658 1616 suo
674 1562 817 1633 ternpore
829 1546 969 1633 intelligi
981 1551 1049 1615 vult
1063 1553 1104 1617 cf.
1119 1563 1153 1635 4,

69 1694 71 1699 -
125 1655 182 1717 at.
199 1663 231 1715 et
250 1648 356 1724 αὐτὸς
376 1649 409 1712 ei
427 1660 476 1713 est
495 1648 587 1716 Deus
607 1648 694 1738 (coll.
711 1657 742 1730 3,
767 1656 819 1714 12.
845 1647 882 1713 ἐν
902 1651 948 1712 τῶ
963 1646 1154 1731 danatistas

69 1741 88 1803 {a
127 1749 173 1816 iad
192 1750 272 1817 Θεοῦ
293 1745 425 1828 ζῶντος.
446 1769 478 1811 ν.
500 1756 550 1815 16.
577 1749 787 1824 ἀκούσαντες
804 1769 859 1832 np.
877 1742 936 1825 τῆς
962 1748 1154 1835 φωνῆς-τοῦ

69 1860 90 1901 st
130 1849 202 1936 Θεοῦ)
212 1852 267 1937 qni
279 1849 321 1912 ad
334 1846 456 1912 Christi
472 1849 647 1914 doctrinam
660 1848 911 1934 amplectendam
923 1858 956 1909 et
970 1862 1154 1916 constanter
1206 1902 1208 1906 .

69 1960 91 2001 ι’
128 1950 309 2034 profitendam
320 1947 468 2012 homines
482 1950 595 2013 invitat
606 1962 640 2014 et
654 1951 777 2015 excitat
791 1949 824 2033 (2
837 1945 913 2010 Cor.
926 1950 958 2028 6,
971 1947 1033 2031 2.),
1055 1949 1154 2013 adeo-

69 2040 92 2124 p
130 2071 170 2134 pe
184 2048 301 2114 Psalmi
317 2046 429 2111 verbis
450 2047 534 2112 huno
553 2070 683 2113 sensum
705 2047 830 2112 tribuit:
860 2065 958 2130 quare
978 2068 1061 2112 nuno
1080 2071 1155 2116 cam

69 2161 92 2203 ⁰³
130 2168 170 2213 ros
184 2151 220 2214 ad
238 2149 360 2214 Christi
379 2148 554 2213 doctrinam
576 2149 719 2213 divinam
736 2146 830 2210 vobis
849 2144 1000 2209 traditam
1015 2146 1155 2219 firmiter

69 2240 94 2306 la'
131 2250 268 2314 tenendam
279 2250 486 2327 excitemini3
512 2270 553 2314 ne
565 2261 769 2314 contumaces
782 2247 872 2324 sitis,
893 2254 929 2305 ut
939 2248 1080 2312 maiores
1095 2271 1153 2314 ve-

69 2396 71 2402 .
132 2351 183 2430 stri,
207 2351 261 2436 qui
285 2347 386 2413 simili
404 2351 529 2413 ratione
549 2362 752 2414 eoutmnaces
773 2346 919 2426 fuerunt,
946 2364 1006 2410 nee
1023 2347 1154 2436 legibus

89 2461 92 2469 ‘
132 2444 174 2512 llei
184 2462 364 2535 paruerunt.
433 2493 436 2498 -
782 2496 785 2507 t

187 2555 215 2614 8.
234 2550 282 2633 μή
303 2545 510 2634 σκληρύνητε
526 2547 588 2625 τὰς
608 2545 750 2634 καρδίας
765 2547 868 2636 ὑμῶν]
889 2549 989 2614 moldo
1002 2555 1155 2633 peraea-

69 2666 74 2672 ·
132 2670 164 2716 ta
173 2652 304 2718 reddere
319 2655 438 2715 animos
451 2658 594 2715 cestros:
615 2647 812 2735 salapinae
828 2659 931 2728 notat,
953 2649 1066 2713 darom
1079 2653 1156 2716 red-

69 2744 90 2775 ⁵'
130 2751 197 2833 ore,
218 2749 396 2831 oddsasasa,
419 2761 451 2813 et
462 2772 523 2835 per
535 2750 754 2835 metaphoram
771 2747 942 2812 adhibetur
959 2747 998 2810 de
1012 2749 1071 2830 iis,
1098 2752 1157 2836 qui
1291 2788 1294 2792 ,

71 2860 92 2903 n
128 2862 301 2916 ammeca
321 2861 412 2929 sunt,
435 2848 490 2936 qni
505 2850 642 2933 imperio
659 2847 795 2912 aliorum
811 2859 845 2911 et
863 2846 1060 2929 auctoritati,
1087 2870 1157 2912 mo-

69 2960 90 3006 11
126 2950 179 3015 ritis
195 2963 228 3015 et
243 2951 448 3035 praeceptis,
474 2949 621 3036 quamvis
636 2945 730 3012 honis
746 2958 779 3010 et
795 2945 1011 3027 salutaribus,
1032 2946 1157 3013 obtem·

83 3046 85 3056 ’
124 3071 214 3136 peroro
235 3059 405 3123 recusant3
437 3047 613 3134 respondet
633 3045 736 3112 Hehr.
757 3047 831 3132 tid?
851 3048 984 3124 lix-13,
1005 3050 1055 3112 16.
1082 3047 1158 3112 hine
1253 3040 1255 3045 ’

69 3147 85 3212 a
121 3145 351 3241 αληροκαρδὶα
364 3154 563 3216 coutumacia
577 3144 693 3214 Matth.
708 3153 758 3227 19,
778 3153 808 3211 8.
831 3146 895 3210 Sir.
913 3150 963 3225 16,
984 3151 1034 3209 16.
1050 3167 1084 3211 v.
1098 3148 1159 3235 aa

76 3249 83 3308 l
120 3253 228 3321 tatem
247 3246 397 3315 Proluss.
413 3247 461 3312 'dc
484 3246 574 3311 vitiis
593 3246 705 3311 Lexx.
725 3244 768 3310 Ν.
789 3244 831 3313 Τ.
849 3267 882 3330 p.
902 3251 974 3308 212.
995 3241 1040 3320 ὥς
1058 3246 1093 3312 ἐν
1110 3248 1159 3338 τῷ

119 3346 522 3441 παραπικρασμῷ-ἐρήμῳ]
535 3347 624 3412 Bene
644 3344 795 3411 Scaeam
809 3344 892 3408 haec
905 3345 1006 3410 verba
1021 3365 1159 3432 'expres-

69 3455 71 3467 '
118 3452 159 3519 rit:
180 3463 217 3520 st
234 3448 341 3536 (olim)
352 3447 488 3525 factam
506 3451 593 3528 Ioco,
623 3452 679 3532 pas·
693 3469 715 3512 a
731 3444 903 3511 rebellione
917 3447 1052 3527 dioc'tar,
1081 3457 1159 3512 tem·

69 3571 76 3610 t
114 3572 176 3635 pre
193 3554 391 3619 testatam
409 3553 443 3612 s'a
466 3546 738 3624 desertofoctoe.
786 3542 898 3609 Minus
914 3557 1002 3610 recte
1016 3546 1159 3614 Datds'us

69 3668 75 3711 ι
118 3648 220 3717 lmlmi
246 3620 351 3714 verhh
370 3634 525 3711 reddidit:
554 3653 637 3711 otest
659 3636 809 3710 Martae
826 3644 959 3722 factm
981 3655 1048 3726 est,
1075 3652 1160 3710 aaut

69 3776 74 3809 t
119 3748 237 3818 lassae
251 3750 339 3834 (ncta
351 3746 434 3837 nith)
443 3750 563 3814 accidit
573 3753 608 3811 s'o
617 3747 755 3810 deserto·
776 3741 935 3829 Respexit
948 3750 1051 3823 vates,
1066 3747 1160 3808 ouius

69 3868 74 3908 ι
120 3850 200 3915 rarha
212 3846 373 3935 epistolae
382 3842 532 3935 <conditor
545 3845 690 3931 repetiit,
709 3841 875 3908 historiam
887 3864 970 3929 quae
981 3842 1047 3907 Ex.
1061 3848 1112 3927 17,
1128 3851 1160 3909 2.

69 3949 74 4011 ἵΙ
123 3968 176 4037 sqq.
191 3948 324 4034 legitur.
371 3945 544 4032 Postquam
560 3938 713 4008 ¹nimirum
730 3941 897 4009 Israelitae
920 3955 1025 4008 castra
1041 3966 1161 4030 posue·
1229 4014 1232 4019 ,
1263 3970 1268 3983 ·

69 4073 75 4114 t
126 4061 180 4111 nat
196 4051 231 4111 in
250 4046 440 4132 Rephidim,
468 4057 600 4131 propter
622 4045 789 4129 penuriam
807 4062 960 4128 aquaram
979 4063 1051 4111 cum
1067 4045 1162 4122 Mose

69 4160 77 4227 1,
129 4147 298 4213 rixabantur
326 4143 367 4212 ab
389 4167 493 4234 eoque
520 4165 636 4233 aquam
660 4139 878 4306 1113111ιὶ1161ὲῖ
893 4138 1029 4308 2Moses
1056 4145 1182 4218 locum
