2632 4740
441 338 606 418 C'arur
631 338 707 415 XI.
742 348 782 416 ι’.
811 343 871 416 13.
1114 310 1192 416 loti

118 489 303 573 lectoribus
328 499 552 592 interpretatio
584 489 664 569 lidei
688 493 969 587 Patriarcharum,
998 498 1063 592 qna
1082 502 1115 570 ι’.
1132 493 1192 571 19.
1254 487 1257 497 ’

121 609 265 693 scriptor
277 618 428 696 tanquam
443 618 533 674 certa
547 626 626 670 usus
641 615 721 686 erat,
746 603 830 670 hanc
845 605 997 669 nimirum
1012 602 1111 670 fidem
1127 626 1193 670 non
1266 599 1269 604 ’

123 707 167 773 ad
187 705 377 773 terrestrem
400 707 558 807 aliquem,
575 706 640 770 sed
668 704 842 775 coelestem
866 705 1020 791 patriam,
1042 727 1138 793 quarn
1159 719 1194 770 et

123 810 193 896 ipsi
206 820 436 895 exspectarent
452 809 631 889 christiani,
639 800 848 902 pertinuisse.
872 803 965 871 κατα
978 802 1098 872 πίστιν
1111 806 1195 872 ιῖπὲ-

122 910 244 976 cavos
259 917 466 976 monuisset
485 911 653 977 secundum
662 892 805 988 fidenti.
822 927 852 970 e.
873 907 1075 972 retinuerunt
1094 905 1195 974 fidem

123 1031 231 1098 usque
257 1010 299 1076 ed
326 1021 479 1092 mortem,
515 1009 577 1085 τοὶς
603 998 813 1093 ἐπαγγελίας
842 1003 1026 1094 πόρ’ῥωθιν
1055 992 1195 1091 idcirce,
1237 1022 1239 1031 ⁴

124 1111 349 1192 credederunt,
387 1109 541 1176 Deum'
531 1112 573 1174 ris
594 1130 838 1191 concessurum,
870 1108 958 1194 quod
977 1111 1194 1194 promisisset,
1301 1107 1303 1113 ’

121 1213 277 1277 nimirum
300 1212 439 1297 patriam
465 1209 655 1293 coelestem,
678 1226 835 1276 smnmam
855 1222 1083 1299 aeternamque
1107 1211 1196 1276 salu·
1264 1242 1267 1247 ·

110 1324 193 1398 ¹tem
216 1315 249 1376 in
270 1309 375 1392 coelo,
398 1332 500 1397 regno
524 1311 871 1377 Messias-instaurato
891 1310 932 1374 of.
947 1331 981 1375 ιι.
1005 1317 1055 1377 19.
1074 1318 1124 1377 16.
1142 1319 1195 1380 39.

111 1425 159 1480 ·et
178 1412 364 1499 quaeadti,
380 1419 433 1479 15.
457 1412 737 1482 observavimus,
759 1412 930 1477 Potuisset
952 1402 1115 1499 epistolae
1134 1435 1195 1478 au-

127 1525 201 1582 ctor
214 1511 359 1578 scribere
373 1511 502 1596 πίστει,
522 1515 547 1579 i.
571 1536 602 1579 e.
626 1509 854 1590 πισιεύοιαες,
870 1512 947 1593 fide
963 1518 1125 1600 praediti,
1147 1517 1195 1601 (ιιι

122 1614 239 1705 plures
269 1613 361 1689 nuto?
386 1610 713 1699 nicrcv'explanant)
747 1636 844 1700 qnam
866 1635 981 1679 vocem
1003 1613 1125 1704 ubique
1158 1619 1194 1682 iu

122 1707 370 1798 enumeratione
392 1715 618 1830 exemplorum
637 1715 728 1781 fidei'
742 1714 929 1800 usurpavit,
958 1716 1017 1780 sed
1039 1737 1119 1782 usus
1143 1729 1194 1781 cst

122 1815 268 1883 formula
281 1812 372 1880 κατα
385 1810 509 1902 πίστιν,
527 1818 679 1905 quoniam
695 1836 762 1881 uon
775 1824 895 1880 novum
916 1816 1102 1903 exemplum
1116 1816 1196 1882 fidei

124 1919 266 1997 afferre,
303 1914 364 1980 sed
383 1936 485 2001 supra
507 1922 617 1984 r.10.
647 1916 732 1983 dicta
758 1919 941 2013 accuratius
966 1909 1137 2004 explicare
1161 1910 1195 1984 et
1255 1949 1257 1953 ⁴

122 2019 321 2087 confirmare
346 2014 490 2084 volebat.
545 2016 669 2084 Verbis
698 2006 792 2085 οὗτοι
820 2015 945 2094 πάντες
965 2018 1197 2105 significantur

124 2140 212 2208 quos
229 2123 374 2203 scriptor
397 2140 431 2182 ι.
453 2125 481 2184 8.
503 2124 535 2185 9.
558 2125 609 2187 11.
632 2121 832 2200 nominarat,
854 2118 1077 2202 Abrabamus,
1101 2117 1196 2204 Sara,

124 2223 280 2299 lsaacus,
309 2218 459 2284 Iacobus.
495 2217 544 2321 μή
573 2216 743 2304 λαβόντες
764 2219 829 2296 τας
852 2216 1092 2306 ἐπαγγελίας,
1103 2218 1197 2285 αλλιὶ

124 2319 311 2412 πόρ’ὁωθιν
322 2317 429 2396 αὐτάς
443 2298 589 2407 ido'nre'g]
605 2315 790 2405 occupatan
810 2320 939 2387 boec
904 2326 1066 2408 promisca
1087 2344 1197 2388 conce-

125 2430 210 2504 euti,
231 2424 289 2488 sed
301 2443 373 2488 eae
387 2425 555 2509 longinquo
575 2422 732 2487 videntes.
774 2420 970 2506 Interpretes
990 2420 1121 2506 plurimi
1136 2445 1197 2507 per

124 2523 192 2600 τὰς
203 2519 401 2609 ἐπαγγελίας
410 2522 491 2587 bonu
499 2529 673 2610 promisca,
682 2519 868 2609 intelligunt
880 2525 1124 2608 possessionem
1131 2523 1197 2588 Pa-

124 2626 289 2693 laestinae
305 2637 338 2690 et
351 2645 557 2689 numerosam
569 2625 805 2709 posteritatem,
819 2634 855 2686 ut
867 2644 984 2688 sensus
999 2627 1055 2690 sit:
1076 2628 1197 2714 mortui

128 2738 208 2793 sunt
223 2748 296 2790 cum
308 2724 430 2790 >fiducie
444 2723 552 2788 Deum
572 2724 808 2815 promissiones
832 2725 868 2787 in
890 2728 1035 2811 posteris
1049 2729 1200 2811 ipsorumv

105 2827 338 2921 ‘impleturum
353 2846 438 2890 esse.
449 2824 524 2889 'Alii
541 2846 621 2889 voce
639 2823 704 2900 τὰς
715 2812 917 2909 ἐπαγγελίας
929 2828 1051 2910 respici
1064 2839 1197 2892 conten·

128 2931 212 2994 dunt
225 2927 468 3013 possessionem
482 2925 691 2991 Palaestinae
704 2937 736 2989 et
750 2928 890 3011 patriam
905 2926 1094 2994 coelestem.
1127 2929 1198 2996 Sed

127 3031 186 3096 his
195 3024 517 3114 interpretationibus
541 3014 715 3093 contextus
732 3026 924 3090 adversatur
938 3026 980 3092 cle
997 3030 1096 3094 etiem
1108 3050 1141 3094 u·
1155 3038 1197 3098 39
1221 3046 1231 3059 ·

129 3152 181 3217 sq.
224 3125 346 3194 Verior
367 3126 541 3213 verborum
564 3126 743 3213 explicatio
758 3123 854 3190 nobis
868 3126 950 3191 baec
967 3148 1040 3192 esse
1057 3129 1197 3195 videtur.

131 3231 280 3298 Maiores
302 3226 522 3295 Israelitarum
536 3246 569 3293 ιι.
584 3233 604 3292 8
622 3248 693 3315 sqq.
714 3227 903 3291 nominatim
923 3228 1057 3312 inducti,
1068 3222 1198 3318 'quibus

124 3331 227 3403 Deus
242 3332 436 3416 promiserat
452 3346 488 3392 se
502 3330 595 3414 ipsos
611 3325 847 3394 fortunatarum
867 3347 942 3394 esse
957 3328 1036 3414 (vid.
1054 3352 1092 3395 ι.
1102 3333 1159 3417 9.),
1178 3356 1198 3398 e
1259 3342 1262 3347 ’

131 3443 242 3498 mente
258 3432 425 3516 scriptoris
439 3433 555 3514 nostri,
576 3445 642 3494 non
656 3428 890 3515 exspectabant
907 3433 1047 3516 patriam
1068 3444 1102 3496 et
1124 3432 1199 3498 feli-

132 3535 264 3599 citatem
277 3544 451 3613 terrenam,
473 3531 531 3595 sed
545 3534 683 3617 patriam
695 3527 882 3610 coelestem,
895 3552 1032 3616 regnum
1044 3532 1199 3614 coeleste,

133 3657 154 3700 a
171 3633 298 3698 Messie
310 3635 510 3719 exipsorum
523 3633 664 3721 posteris
678 3631 826 3719 oriundo,
840 3629 919 3695 olim
928 3633 1199 3719 inaugurandum,

132 3734 325 3800 felicitatem
338 3754 504 3817 summam,
528 3733 667 3799 salutem
682 3753 778 3820 quam
793 3744 825 3796 et
840 3731 1039 3798 christiani
1028 3755 1063 3796 ιιι
1077 3733 1201 3817 Christi
1274 3768 1278 3775 ·

133 3856 239 3922 regno
261 3832 400 3901 coelesti
419 3835 653 3921 exspectabant
673 3833 729 3898 cf.
723 3843 808 3897 not.
834 3831 876 3896 ed
897 3853 931 3898 v
955 3840 1007 3900 39.
1049 3835 1099 3899 Eo
1113 3836 1200 3900 refe-

134 3936 239 4002 rende
247 3947 322 3999 sunt
333 3932 451 4000 verbe
465 3959 511 4022 μη
504 3931 689 4020 indoctae
703 3930 764 4008 τοὶς
774 3928 1022 4016 ἐπαγγελίαςκ
1031 3958 1060 4001 τ
1072 3937 1103 4001 λ
1120 3937 1199 4002 Plu·

133 4035 200 4102 rali
220 4057 353 4101 numero
376 4034 438 4112 τοὶς
455 4022 705 4155 tnayye'ttaet.
722 4032 746 4099 l.
762 4054 843 4099 usus
859 4044 910 4099 est
925 4045 1038 4100 auctor
1056 4049 1201 4104 nontam

133 4136 321 4227 pro'pte'rea,
343 4137 429 4224 quod
442 4136 554 4223 plures
568 4147 602 4200 et
620 4136 721 4201 variis
744 4133 944 4223 temporibus
965 4126 1200 4221 promissiones

133 4247 349 4327 acceperant,
378 4258 474 4325 quam
499 4239 607 4322 potius
629 4246 761 4322 propter
784 4232 943 4301 bonorum
968 4239 1199 4322 promissomm
