2604 4746
93 305 192 389 Ι1211
364 307 370 313 ’
398 294 556 372 canor
580 294 655 376 XL
683 319 721 383 v.
748 301 896 374 2125.

112 467 146 528 in
160 481 258 527 verso
268 462 419 546 proxime
435 473 601 547 sequente,
611 453 672 526 sau
687 463 791 537 etiam,
800 464 886 528 forte
903 464 1010 530 studio
1025 475 1142 550 praeter·

112 567 169 646 ita,
192 563 402 650 quodminus
423 563 555 625 veritati
567 584 753 628 consonum
776 564 969 646 videretur,
990 576 1026 627 nt
1045 565 1142 627 occisio

112 663 267 749 Aegyptii
292 665 377 726 inter
400 673 471 726 acta
495 660 574 728 fidei
595 675 835 746 recenseretur,
867 686 940 731 cnm
970 677 1075 731 tamen
1098 663 1145 727 hoc

111 767 124 827 i
147 787 219 830 sum
232 767 436 849 satis'aperte
446 761 588 827 affirmet
602 763 784 850 Stephanus
796 764 869 830 Act.
888 770 989 845 7,-24.
1008 761 1146 848 scriplu-

105 787 198 935 ἕω
225 878 259 928 et
289 864 638 948 praestantissimorum
663 866 755 928 codd.
780 868 954 930 auctoritas
980 863 1146 944 obstat‚et

110 967 239 1050 ingrata
257 966 415 1028 existeret
430 959 609 1048 tautologia
627 963 689 1055 hac
701 964 875 1030 verborum
888 964 1002 1031 πίστει
1016 965 1066 1030 Μ.
1079 988 1115 1053 μ.
1125 986 1146 1046 7.

50 1072 53 1082 '
111 1087 143 1129 v.
168 1072 231 1151 24.Ι
251 1066 454 1150 repetitione.
504 1063 665 1136 Videntur
689 1064 776 1153 'haec
796 1064 896 1130 verba
917 1087 939 1129 a
959 1066 1146 1152 grammatico

111 1166 273 1251 adscripta
287 1187 371 1248 esso,
395 1167 508 1253 quiex
524 1163 597 1229 Act.
613 1162 637 1228 l.
651 1163 675 1228 l.
689 1177 833 1229 nostrum
848 1163 955 1232 locum
977 1169 1081 1252 magis
1100 1186 1144 1228 ex·

111 1263 226 1332 ornare
242 1264 353 1332 vellet.
375 1263 487 1331 πίστει
503 1273 694 1352 persuasum
710 1277 785 1339 erat
799 1265 899 1347 Masi,
919 1271 1086 1352 promissa
1095 1264 1145 1330 Dei
1175 1348 1179 1357 ι

109 1366 295 1431 Abrahamo
309 1369 443 1452 eiusque
457 1367 598 1451 posteris
612 1365 688 1429 data
702 1357 851 1440 eventum
861 1365 1012 1431 habitura
1021 1380 1053 1431 et
1059 1365 1144 1434 lsrae-

109 1467 187 1532 litas
211 1467 304 1532 brevi
322 1470 356 1531 in
381 1465 587 1533 Cananaeam
610 1477 824 1550 perventuros
846 1488 931 1532 esse.
980 1464 1143 1533 Fornulos

109 1569 215 1655 μέγας
231 1565 408 1652 γενόμενος
430 1578 504 1630 sunt
520 1570 576 1651 qui
592 1564 820 1651 explicandam
841 1579 998 1642 statuantt
1020 1590 1085 1634 curt
1102 1567 1142 1631 lt·
1173 1582 1179 1637 ἒ

108 1666 188 1737 nore
200 1682 235 1736 et
244 1674 395 1756 potentio
417 1677 531 1734 auctus
552 1677 636 1732 esset
652 1665 737 1753 quod
753 1665 827 1732 Act.
841 1674 873 1751 7,
886 1675 939 1734 23.
959 1667 1072 1734 Moses
1085 1679 1142 1731 tunc
1176 1704 1179 1745 ς

108 1791 264 1847 annorum
283 1768 349 1855 XL
373 1768 476 1833 fuisso
496 1765 716 1852 perhibeatur.
760 1767 827 1837 Sed
847 1767 1040 1840 vocabulum
1059 1767 1142 1852 μέγας
1177 1782 1179 1819 i

107 1873 203 1936 etiam
217 1873 257 1934 de
272 1864 377 1934 aetate
392 1871 522 1955 ponitur
534 1867 633 1937 Hom.
650 1866 751 1950 Odys.
766 1865 810 1951 σ’,
824 1875 897 1935 att.
928 1871 1026 1947 Παῖς
1040 1865 1085 1935 ἔτ’
1096 1864 1140 1932 t'olt

107 2007 150 2020 -
172 1971 251 2039 Νῦν
272 1968 302 2038 δ’
324 1962 381 2036 ὅτε
405 1970 448 2047 od
460 1968 571 2054 ,μέγας
590 1967 674 2050 ἐσσὶ,
696 1969 756 2034 καὶ
775 1965 864 2054 ἥβης
883 1969 1010 2058 μέτρον
1026 1965 1138 2041 tatros
1176 2040 1179 2089 1

78 2142 81 2146 ,
106 2073 180 2138 add.
196 2071 298 2157 Odys.
311 2067 344 2155 β
348 2118 358 2147 ,
372 2078 445 2147 314.
464 2069 554 2136 Xen.
570 2067 645 2153 Cyr.
663 2076 692 2151 1,
708 2075 739 2136 3.
756 2075 806 2137 17.
831 2082 865 2135 et
883 2093 956 2137 cum
968 2070 1001 2137 h.
1017 2070 1041 2135 l.
1063 2088 1136 2155 prat·
1164 2066 1168 2073 '

107 2175 242 2238 cesserit
257 2172 445 2258 γεννηθεὶς,
463 2166 568 2237 'verba
582 2171 745 2255 reddenda
763 2183 851 2236 sunt:
874 2194 943 2237 cam
955 2176 1003 2240 ad
1020 2163 1136 2253 aetates

49 2301 51 2307 ·
105 2279 248 2349 adultam
259 2279 470 2358 pervenisset.
491 2273 556 2338 Ex.
571 2280 602 2353 2,
621 2278 671 2338 11.
694 2271 922 2337 eodemsensu
935 2275 1074 2358 positum
1093 2289 1135 2333 er·

104 2388 150 2443 tat
165 2373 300 2440 verbum
316 2368 411 2466 baffi.
429 2397 431 2405 ·
455 2373 557 2457 syrus
569 2386 657 2437 recte
674 2370 706 2445 h.
723 2369 855 2437 Lvertit
870 2384 957 2440 11131
971 2372 1135 2450 oirfactat.

31 2505 33 2507 ·
103 2474 275 2560 ἠρνήσατο
299 2474 463 2560 λέγεσθαι
484 2474 555 2552 υἱὸς
577 2471 753 2558 θυγατρός
780 2471 925 2560 Φαραώ]
949 2478 1049 2545 noluit
1059 2471 1136 2551 filiae

103 2576 382 2654 Pharooaiafilt'ua
395 2575 516 2642 tatere.
558 2575 707 2639 Bikniuc
720 2574 761 2639 ad
775 2572 845 2659 ht.
863 2573 1027 2656 observat,
1047 2573 1134 2638 rheto·
1175 2542 1179 2685 l

102 2698 170 2742 rem
193 2688 337 2739 nostrum
360 2674 528 2748 historiam
549 2696 608 2759 pro
626 2695 685 2737 suo
700 2673 827 2738 dicendi
845 2673 981 2738 consilio
1000 2693 1135 2740 exornas·
1174 2688 1179 2791 1

103 2798 156 2863 se3
178 2775 296 2842 Mosen
317 2771 448 2852 minime
472 2787 701 2840 contemtorem
729 2773 910 2856 felicitatis,
942 2798 1005 2861 qua
1028 2779 1062 2841 in
1079 2771 1136 2839 aula
1177 2804 1179 2809 ·

78 2943 80 2947 ⁴
101 2877 243 2964 Aegypti
264 2877 448 2957 frueretur,
463 2877 520 2940 sed
536 2898 660 2962 poenae
680 2876 789 2961 potius
805 2889 937 2961 propter
951 2877 1137 2942 homicidium

100 2991 259 3063 patratum
272 2976 465 3062 infligendae
479 2991 565 3042 metu
579 2977 710 3062 planum
727 2977 903 3062 aufugisse.
930 3013 933 3018 ·
946 2978 992 3042 At
1005 3001 1081 3043 vero
1092 2997 1136 3061 po·

21 3085 23 3087 ’
100 3081 215 3142 tuisset
229 3077 354 3169 Moses,
375 3081 496 3144 ateius
511 3079 649 3143 conditio
666 3089 745 3159 erat,
765 3079 908 3140 criminis
919 3079 1136 3165 impunitatem,

101 3182 130 3242 si
147 3179 322 3260 voluisset,
344 3183 511 3265 reperire,
533 3202 608 3244 eum
630 3201 738 3243 amore
758 3180 792 3242 in
814 3177 970 3263 populum
995 3179 1136 3259 suum,io

98 3280 278 3366 Aegyptios
293 3280 367 3344 odio
385 3283 518 3362 arsisse,
538 3284 612 3366 ipsa
629 3280 764 3344 historia
782 3279 886 3360 docet,
906 3300 973 3344 non
997 3281 1136 3345 trucidas·

99 3394 150 3446 set
166 3381 372 3464 Aegyptium,
396 3383 426 3445 si
441 3404 507 3447 non
521 3384 586 3445 iarn
600 3382 720 3444 dudum
732 3382 879 3466 inprimis
892 3381 960 3446 cari
977 3380 1137 3466 populares

98 3485 162 3569 ipsi
184 3481 331 3563 ¹fuissent.
360 3480 430 3558 υἱός
451 3471 624 3568 θυγάτρὸς
649 3479 793 3566 Φαραώ,
816 3480 1059 3549 Thermutidem
1079 3499 1137 3544 earo

98 3581 256 3667 Iosephus
276 3585 434 3665 nominat,
457 3606 501 3648 ox
522 3583 704 3657 traditione.
733 3584 810 3651 Ant.
834 3591 864 3665 2,
888 3589 918 3650 t.
943 3597 976 3647 et
996 3580 1136 3649 Philode

98 3685 166 3749 Vit.
189 3682 274 3748 Mos.
299 3690 427 3768 putide.
449 3699 485 3749 ut
505 3680 547 3748 ad
568 3685 601 3749 h.
622 3683 645 3747 l.
668 3686 791 3747 notavit
817 3684 1023 3771 Carpzooiut,
1045 3683 1134 3758 tradit,

89 3786 275 3849 <Pharaonis
292 3782 394 3849 filiam
408 3799 549 3871 nuptam,
571 3785 629 3850 sed
642 3783 823 3870 improlem,
847 3786 965 3860 affectu
990 3796 1092 3849 autem
1108 3783 1134 3843 in

97 3886 220 3951 liberos
241 3885 383 3968 ductam,
407 3889 502 3951 matri
522 3887 627 3952 Mosis
649 3886 805 3970 infantem
827 3886 1031 3963 nutriendum
1052 3881 1133 3949 tradi·

98 3988 197 4068 disse,
218 3998 292 4071 post
315 3987 395 4053 haec
417 4010 452 4052 se
476 3990 642 4073 gravidam
668 3986 805 4051 finxisse
831 4000 899 4051 arte
924 3986 1082 4064 muliebri,
1105 3988 1131 4040 el

97 4087 200 4153 filium
223 4087 308 4151 hunc
331 4089 394 4153 sihi
411 4091 636 4174 supposuisse,
658 4110 698 4153 ne
722 4101 854 4173 propter
873 4100 1025 4176 nepotum
1046 4101 1128 4175 penu·

98 4188 233 4276 riamotl
250 4187 346 4257 aliam
361 4203 492 4276 gentem
505 4175 638 4276 rognum
655 4189 848 4280 perveniret.
