2632 4740
485 264 646 341 Carus
673 265 700 337 1.
737 286 774 338 v.
801 270 835 337 3.
1118 233 1123 242 ’
1168 270 1192 334 7
1259 323 1263 332 .

120 432 312 520 negaverim
331 428 414 498 αἶῶν
432 432 528 500 atim
548 435 595 498 ita
617 424 832 518 poni'solere,
852 441 888 492 ut
906 432 1044 495 secutum
1057 429 1187 494 denotet

118 555 151 595 v.
177 532 391 600 scutetum·
410 531 493 597 Lex.
521 531 644 597 Wudlii
665 528 793 610 Clanis,
807 528 1082 612 xBrctscdoes'ders'
1101 529 1186 594 Lex.
1301 605 1305 612 ι

120 631 276 697 Manuale
292 630 335 698 N.
349 631 390 699 T.
405 631 437 697 h.
451 654 482 696 v.
496 642 602 696 utrum
613 649 691 693 vero
704 627 736 692 h.
751 627 773 693 l.
790 627 983 695 vocabulum
995 630 1114 705 αῖῶνες
1127 629 1188 693 hac
1266 665 1270 671 κ

120 729 361 817 significatione
375 732 563 819 capiendum
578 733 630 812 sit,
649 751 714 795 non
728 753 772 797 ex
785 730 856 795 solo
869 751 930 795 usu
941 729 1097 818 loquendi
1109 729 1189 795 defi·

121 834 183 896 oiri
205 843 332 917 potest,
354 834 413 897 sed
434 827 607 920 videndum
627 852 668 895 an
689 852 762 897 earn
783 831 928 896 admittat
938 833 1095 899 orationis
1113 852 1187 895 con·

120 944 249 1012 textus,
269 930 390 1018 aliique
402 933 498 999 huius
515 931 673 1019 epistolae
686 930 751 996 loci
766 953 838 996 eam
856 929 1054 998 confirment.
1098 929 1188 999 Neu·

121 1046 201 1097 trum
216 1034 357 1099 concedi,
366 1046 483 1119 potest.
526 1035 655 1098 Etenim
670 1032 749 1108 τούς
767 1028 890 1108 αἰῶνας
910 1044 960 1098 est
978 1024 1187 1118 synonymum

122 1133 210 1196 vocis
224 1132 292 1198 τῶν
301 1132 437 1202 πάντων
451 1156 533 1222 quae
549 1135 744 1221 praecessit3
762 1123 893 1197 ir‘rfra'v.
910 1129 1047 1198 rutilio
1064 1137 1186 1210 creatio

121 1232 230 1296 mundi
243 1234 439 1302 adscribitur
458 1249 493 1300 ut
515 1235 589 1301 Joh.
606 1241 640 1316 1,·
653 1241 683 1300 2.
703 1240 732 1300 3.
752 1238 803 1298 10.
835 1229 942 1299 i'Cor.
958 1239 989 1315 8,
1001 1229 1032 1298 6.
1064 1230 1136 1297 col.
1155 1240 1186 1317 1,

124 1339 159 1398 16
174 1355 224 1420 sq.
241 1346 309 1400 ete
326 1358 396 1423 cap.
417 1344 454 1404 11
471 1360 521 1422 ep.
538 1337 579 1402 ad
593 1333 695 1402 Hebr.
711 1355 742 1396 v.
759 1341 790 1400 3.
807 1336 887 1398 satis
905 1334 1072 1400 evidenter
1085 1355 1184 1420 appa·

123 1446 177 1514 ret,
194 1455 293 1519 quarn
309 1435 375 1497 vim
390 1434 548 1502 vocabulo
566 1433 681 1512 αἰῶνες
694 1435 725 1498 h.
734 1433 756 1499 l.
765 1432 915 1499 tribuerit
930 1437 1078 1522 scriptor.
1100 1433 1184 1499 Cae·

124 1546 222 1598 terum
237 1533 292 1599 hic
307 1533 380 1619 ipse
394 1531 485 1600 locus
500 1546 549 1620 11,
565 1545 595 1606 3.
612 1535 669 1601 nbi
685 1534 822 1598 mundus
838 1536 986 1601 conditus
1007 1556 1082 1601 esse
1103 1536 1183 1600 dici-
1264 1539 1266 1543 ’

125 1647 169 1699 tur
184 1632 315 1724 ῥήματι
329 1634 389 1699 τοῦ
403 1634 497 1719 θεοῦ,
513 1659 576 1703 nun
592 1647 749 1723 repugnat
760 1637 813 1715 iis,
837 1657 918 1721 quae
935 1635 967 1700 h.
984 1633 1005 1701 1.
1022 1633 1183 1721 leguntur.

125 1735 168 1799 lbi
185 1737 276 1800 enim
296 1738 475 1819 generatim
497 1740 537 1802 de
558 1739 721 1829 creatione
738 1757 845 1799 sermo
869 1749 938 1819 est,
961 1750 1120 1824 quatenus
1142 1739 1184 1804 ad

125 1834 226 1901 Deum
239 1837 378 1922 primum
392 1858 499 1902 rerum
512 1838 633 1902 iontem
646 1835 817 1902 referenda
831 1847 880 1900 est
897 1838 941 1922 (3,
955 1838 1012 1921 4.),
1028 1836 1060 1901 h.
1070 1835 1092 1901 l.
1110 1859 1183 1923 spe·

124 1938 226 2001 ciatim
241 1936 352 2000 mundi
373 1935 541 2001 fabricatio
565 1933 613 2025 τῷ
628 1935 703 2026 υἱῷ,
726 1934 894 2023 eidemque
915 1934 1004 2027 λόγῳ
1025 1939 1085 2005 τοῦ
1099 1937 1185 2004 Θεοῦ

123 2041 315 2124 assignatur.
357 2037 421 2102 Per
438 2036 542 2116 filium
555 2039 679 2102 creavit
691 2036 852 2100 mundum.
882 2035 953 2101 Nec
968 2026 1097 2126 ῥήματι
1109 2061 1183 2105 cer·

123 2137 165 2216 io,
178 2136 393 2223 significatur,
408 2139 560 2203 mundum
571 2136 805 2222 uno'temporis
820 2149 938 2222 puncto
953 2139 1116 2205 conditum
1131 2160 1183 2205 es·
1266 2146 1269 2153 '

119 2260 153 2324 ¹ra
168 2239 252 2324 (vid.
271 2238 352 2303 Gen.
363 2239 418 2323 1.),
434 2240 493 2303 sed
509 2238 673 2304 voluntate
689 2251 721 2303 et
738 2240 882 2325 potentia
898 2238 1017 2303 divina.

123 2409 125 2414 ,
202 2347 235 2408 3.
259 2336 295 2416 ὃς
308 2334 353 2408 ῶν
373 2337 584 2428 ἀπαύγασμα
598 2336 782 2425 τῆςὸόξης]
796 2347 830 2406 tu
842 2361 902 2426 quc
923 2341 1060 2405 dicisum
1079 2340 1184 2408 lumen
1279 2356 1285 2367 ¹

121 2443 313 2528 resplendet.
356 2442 552 2529 Antiquitas,
561 2463 641 2506 cum
657 2440 794 2522 coelum,
809 2440 895 2527 quod
911 2438 977 2504 Dei
997 2440 1109 2504 sedem
1122 2463 1182 2528 pu·
1248 2480 1249 2485 κ
1266 2452 1269 2458 ’

120 2555 208 2623 taret,
225 2544 270 2605 sit
284 2545 388 2628 omnis
401 2542 484 2608 lucis
500 2544 584 2624 fons,
599 2541 660 2606 lux
672 2544 745 2628 ipsa
753 2563 807 2607 res
821 2542 1006 2627 purissima,
1024 2543 1181 2606 omnium·

120 2667 178 2732 que
209 2665 319 2708 rerum
345 2642 557 2708 subtilissima
583 2656 616 2709 et
637 2642 860 2728 velocissima:
888 2640 995 2707 Deum
1018 2638 1182 2726 cogitabat

119 2760 264 2811 naturam
277 2746 451 2829 purissima
466 2743 539 2810 luce
555 2757 752 2809 constantem
766 2765 797 2806 v.
815 2744 893 2829 Sap.
907 2747 938 2823 1,
951 2747 992 2807 25
1009 2763 1057 2828 sq.
1076 2747 1091 2805 1
1109 2739 1179 2805 Ich.

120 2857 145 2930 1,
164 2853 196 2914 5.
219 2848 323 2932 Apoc.
337 2839 389 2927 21,
406 2852 457 2911 23.
475 2844 544 2930 (ubi
557 2866 588 2908 v.
603 2845 817 2911 Eicddmur'us
831 2843 903 2907 add.
918 2841 1185 2908 Bretschueidem’

117 2951 202 3015 Lex.
227 2946 318 3013 Man.
339 2968 366 3011 s.
388 2969 419 3010 v.
433 2947 522 3032 φῶς)
546 2956 578 3008 et
602 2946 688 3030 ignis
710 2943 882 3029 splendore
907 2942 1132 3006 circumfusam
1147 2965 1178 3004 v.

117 3049 284 3129 EzechA,
303 3053 345 3112 26
361 3070 410 3136 sq.
432 3054 462 3128 8,
480 3054 510 3111 2.
534 3045 598 3109 Ex.
615 3051 667 3126 24,
684 3049 724 3110 16
741 3067 789 3131 sq.
819 3043 916 3108 Dent.
932 3049 964 3123 4,
981 3048 1031 3106 12.
1059 3041 1132 3105 Act.
1147 3047 1180 3123 7,

118 3158 168 3219 ts.
201 3148 441 3230 1Tim.c,16.
467 3146 717 3230 chrysostomus
740 3145 782 3213 ad
801 3144 918 3210 iTim.
942 3140 964 3206 l.
988 3140 1011 3205 l.
1034 3137 1118 3206 ἄλλο
1138 3135 1179 3206 τό

117 3252 185 3339 φῶς
196 3247 315 3332 αὐτὸς,
335 3249 393 3314 καὶ
404 3244 489 3314 ἄλλο
503 3244 522 3314 i·
534 3241 631 3313 οἰκεῖ.
675 3246 718 3311 Η.
736 3244 758 3310 Ι.
773 3240 857 3322 δόξα
871 3264 911 3308 eo
930 3240 1112 3329 significatu
1126 3263 1179 3306 ca·

117 3353 271 3440 piendum
286 3359 386 3412 estut
404 3351 446 3412 sit
462 3352 580 3425 lumea,
602 3368 697 3432 quam
717 3344 1013 3439 interpretationem
1039 3343 1182 3408 additum
1218 3340 1222 3352 '

118 3450 310 3518 vocabulum
323 3446 535 3535 αἰπαύγασμα
548 3460 581 3510 et
592 3448 666 3532 ipsa
680 3448 782 3511 oratio
800 3444 1008 3509 commendat.
1030 3445 1083 3509 Ex
1100 3441 1180 3508 alio-

88 3575 92 3584 ’
119 3576 187 3619 mm
216 3556 428 3636 interpretum
457 3549 616 3614 sententia
634 3553 710 3612 voc.
731 3541 814 3625 δόξα
835 3545 955 3610 indicat
979 3551 1179 3636 mussitarem

120 3652 182 3719 Dei
196 3657 219 3718 i.
228 3654 404 3720 e.virtute
413 3651 550 3730 divinas,
567 3648 608 3714 de
624 3670 687 3735 qua
699 3648 830 3712 notione
846 3643 1180 3712 vid-BiicdermPro-

119 3753 197 3820 iuss.
218 3755 259 3819 de
280 3755 338 3817 vit.
356 3751 468 3816 Lexx.
489 3750 532 3817 Ν.
545 3748 586 3815 Τ.
603 3772 635 3835 p.
650 3754 723 3816 368.
738 3748 800 3812 sed
813 3749 902 3834 prior
915 3744 973 3810 illa
985 3743 1179 3832 significatio
1240 3748 1257 3764 ”

121 3869 149 3940 ct
163 3855 352 3941 descriptio,
367 3854 499 3917 maioris
517 3862 647 3915 ornatus
656 3850 777 3936 poetici
793 3868 919 3927 caussa,
932 3866 1028 3933 quem
1042 3845 1180 3929 scriptor

122 3959 256 4022 orationi
271 3952 395 4035 attulit,
416 3951 629 4042 praeferenda
642 3961 702 4014 est.
745 3945 949 4014 Vocabulum
967 3941 1181 4030 ἀπαύγασμα

123 4056 279 4143 significat
293 4061 563 4142 repensationem
576 4055 655 4118 lucis
668 4062 702 4116 ei
714 4041 903 4139 splendoris,
921 4046 1108 4114 nominatim
1126 4063 1180 4108 so-

123 4155 179 4242 lis,
200 4161 268 4229 'den
297 4155 549 4247 medenenti,
585 4152 839 4233 il'iederscheia,
853 4150 1026 4238 -Αῠςὶααα,
1047 4146 1181 4215 verbum
