2604 4746
293 315 307 407 '¹
367 291 546 369 baron
571 290 644 368 XI.
670 317 708 370 v.
733 301 794 370 20.
820 299 881 403 21.
1091 307 1163 375 421
1216 314 1220 322 ’

107 461 172 540 tric.
203 455 392 545 Ἀρτέμωνα
406 457 443 522 δὲ
456 457 556 544 φασὶ,
578 455 639 523 τὸν
654 455 838 536 Μιλήσιον,
854 458 963 543 λέγειν
979 462 1014 528 ἕν
1029 461 1076 549 τῷ
1085 465 1163 552 περὶ

105 555 261 646 Ὀνείρων,
280 554 332 644 ὥς,
354 552 413 624 ὅτε
428 553 610 647 ἀθροισθῇ
626 554 650 635 ἡ
669 557 759 644 ψυχή
777 559 812 638 ἒξ
829 555 911 625 ὅλου
927 558 1161 648 τοῦσώματος,

107 659 186 748 πρὸς
203 657 242 725 tri
265 656 485 744 ἐκκριθῆναι,
511 656 750 740 μαντικωτσίεη
771 657 911 741 γίνεται.
955 662 1107 728 Socrates
1127 668 1162 726 in

106 759 197 847 Apol.
215 758 348 824 Platon.
366 779 396 823 c.
418 763 470 822 30.
493 757 554 821 καὶ
569 756 635 846 γάρ
649 756 719 843 εἰμι
733 757 799 840 ἤδη
813 760 982 842 ἐνταῦθα,
1002 755 1080 849 ἐνῷ
1093 761 1165 848 poi..

107 859 186 928 λισύ
201 857 651 949 ἄνθρωποιχρησμῳδούσιν,
671 851 756 931 ὅταν
779 861 945 944 μέλλωσιν
965 860 1159 941 ἀποθανεῖ-

107 961 202 1031 onore
223 958 315 1047 φημὶ
329 957 408 1044 γὰρ,
426 947 453 1022 εὐ
472 953 607 1044 ἄνδρες,
628 958 664 1024 εἴ
678 983 721 1044 με
745 956 976 1038 ἀποκτενεῖτε,
998 961 1160 1049 τιμωρίαν

105 1059 177 1141 ὐμῖν
194 1049 290 1137 ἥξειν
311 1055 417 1132 uiride
434 1056 525 1141 μετιί
541 1056 602 1127 ,τόν
621 1057 701 1145 §pov
715 1058 877 1126 θάνατον
890 1084 921 1125 κ.
937 1084 966 1125 τ.
981 1062 1012 1127 λ.
1034 1062 1103 1128 Cic·
1117 1065 1157 1127 de

106 1158 176 1224 Dir.
192 1165 223 1239 1,
238 1163 290 1223 30.
312 1164 435 1223 animur
449 1192 492 1205 -
504 1164 784 1245 appropinquante
804 1172 908 1226 morte
924 1165 1023 1227 molto
1043 1167 1156 1230 estete·-
1185 1158 1189 1165 ’
1242 1186 1244 1191 ’

104 1268 215 1327 ortior:
230 1292 275 1313 -·
293 1257 458 1324 Dt'tn'nurc
480 1267 587 1346 aorem
608 1265 796 1339 morientes,
818 1266 917 1326 ειίσνι
939 1264 994 1328 r'llo
1009 1267 1156 1348 exemplo
1209 1321 1211 1325 ,

103 1361 268 1442 confirmat
289 1360 496 1438 fonroone,
518 1379 578 1443 qno
595 1358 710 1439 offert,
731 1352 888 1427 Rhodium
915 1365 1069 1448 quendam
1092 1386 1155 1430 κιο·

102 1472 229 1529 rnorem
241 1481 304 1526 ιεσ
318 1460 470 1545 aequales
481 1464 670 1539 nominante,
690 1470 725 1524 et
740 1463 873 1541 dirime,
896 1470 952 1546 qur·
960 1470 1085 1548 primur
1101 1486 1153 1528 eo·

101 1585 181 1645 ιιιι,
208 1567 265 1648 pto·
282 1562 455 1639 sccundus,
485 1555 542 1644 qni
558 1560 672 1625 deinde
693 1563 842 1646 deinceps
863 1569 1036 1629 morituros
1058 1575 1152 1632 erret.

102 1665 169 1729 add.
187 1659 277 1728 Xen.
301 1660 378 1743 Cpr.
399 1665 429 1740 8,
453 1663 484 1723 7.
504 1665 556 1722 21.
578 1658 655 1743 περὶ
667 1656 857 1743 μελλόντων
873 1662 1086 1747 copulandum
1103 1679 1152 1729 est

101 1786 167 1829 oum
184 1759 286 1828 verbo
307 1755 498 1844 εὐλόγησεν.
538 1756 692 1824 Iacobum
714 1772 791 1824 natu
813 1762 990 1847 minorem,
1011 1786 1150 1849 praepo-

100 1868 159 1929 suit
181 1864 318 1947 scriptor
334 1859 456 1941 Esavo,
479 1860 631 1946 quoniam
651 1857 788 1925 Iacobus
809 1865 916 1947 gentis
930 1862 1151 1943 Israelitarum

98 1977 203 2029 nudor
225 1973 312 2042 erat,
331 1962 434 2046 ¹cique
462 1957 595 2022 Isarcus
625 1957 764 2025 laetiora
790 1963 1020 2046 praedixerat,
1056 1987 1151 2050 quam

99 2064 210 2147 Eravo,
233 2064 290 2151 qui
307 2063 423 2124 notatis
441 2062 701 2145 praerogativam
719 2061 923 2144 vendiderat,
947 2079 979 2128 et
1003 2068 1081 2152 quia
1094 2089 1149 2131 eo·

98 2167 165 2232 dem
177 2160 291 2229 ordine
311 2157 460 2246 εὐλογίαι
473 2161 508 2225 in
523 2160 669 2225 historiis
685 2183 721 2225 se
735 2163 914 2245 excipiunt.

172 2272 224 2331 21.
245 2257 357 2328 πίστει
370 2259 490 2346 Ἰακώβ
505 2257 737 2340 ἀποθνήσκων
755 2254 900 2329 ἕκαστον
915 2261 981 2328 τῶν
993 2265 1071 2330 υἱῶν
1085 2265 1146 2347 'In-

97 2364 162 2456 σὴφ
179 2359 356 2448 εὐλόγησε]
377 2361 525 2442 fidrccine
542 2365 656 2449 plenus
681 2362 820 2460 Iacobus
840 2371 996 2447 ποιύειιε,
1027 2366 1147 2431 dnobus

97 2466 221 2554 Icrcpln'
231 2464 320 2543 filtro
331 2463 455 2542 sancta
477 2474 675 2550 apprecatur
698 2475 759 2529 ert.
781 2461 892 2528 πίστει
917 2465 1031 2530 eodem
1048 2487 1147 2530 sensu

98 2569 278 2654 capiendum
291 2576 360 2645 est,
375 2570 440 2649 quo
451 2583 482 2626 v.
500 2568 553 2645 20.
567 2561 698 2648 legitur.
741 2562 911 2649 Epistulae
927 2576 1039 2629 auctor
1055 2587 1146 2630 mcu-

97 2672 207 2733 tioncm
222 2667 300 2730 fecit
315 2663 347 2757 b.
360 2663 383 2728 1.
400 2659 566 2749 εὐλογίας,
586 2685 670 2748 quae
693 2663 826 2750 losepbi
843 2664 924 2731 filiis
945 2668 1090 2752 contigit,
1113 2678 1145 2730 ct

97 2787 336 2833 commemorare
365 2766 473 2829 omisit
492 2775 568 2827 vota
592 2762 651 2827 itta
678 2764 794 2850 quibus
821 2763 961 2829 Iacobus
980 2765 1143 2830 moribun-

97 2866 149 2932 dus
159 2867 247 2933 filios
263 2886 340 2929 suos
355 2875 545 2950 prosecutus
559 2874 628 2931 crat
645 2862 720 2926 coll.
738 2863 821 2928 Gen.
835 2870 888 2929 49.
932 2862 1041 2941 Quare
1054 2864 1143 2931 Ano-

97 2985 199 3051 nymur
215 2988 268 3051 ap.
285 2964 479 3052 Botoyernrr,
500 2963 735 3043 Πείκνίελιίκι,
747 2965 910 3049 Inspicitur
927 2967 1142 3051 suspicantur,

96 3084 201 3132 nomeu
222 3063 342 3152 Ἰωσήφ
365 3087 387 3130 a
407 3064 551 3130 librariis
575 3087 593 3129 e
615 3086 647 3127 v.
664 3071 717 3128 22.
741 3065 866 3129 illatum
881 3086 966 3130 esse.
1008 3065 1142 3133 Bilrme'o

96 3162 170 3232 baud
181 3163 394 3253 improbabile
408 3177 469 3247 est,
484 3166 570 3253 quod
585 3168 683 3230 etiam
695 3164 872 3252 singularis
887 3185 967 3229 usus
984 3167 1044 3230 τοῦ
1059 3162 1139 3232 ἕκα-

95 3289 165 3346 στος
173 3266 315 3351 εσούονε
327 3266 487 3347 rideatur,
507 3265 681 3353 legendum
697 3288 770 3331 csse
784 3254 934 3334 ἕκαόιον
955 3263 1021 3331 τῶν
1040 3257 1143 3332 αὐτοῦ

95 3370 160 3436 ubit
180 3367 241 3434 καὶ
261 3367 326 3432 τῶν
344 3365 573 3455 plotersano,
593 3370 716 3432 omissa
740 3388 815 3432 esse
840 3365 942 3432 verba
959 3367 1024 3430 τῶν
1040 3367 1141 3433 αὑτοῦ

95 3468 160 3543 ticin
172 3467 378 3533 librariorum
389 3470 523 3550 incuria,
534 3469 589 3554 qui
603 3466 715 3532 oculos
730 3458 947 3534 coniecissent
956 3469 990 3530 in
1002 3488 1139 3556 sequen-

95 3578 147 3636 tem
159 3590 271 3634 vocem
283 3569 369 3635 νίῶν.
409 3569 472 3635 His
486 3591 565 3634 vero
580 3569 773 3634 coniecturis
788 3590 853 3634 non
872 3589 955 3654 opus
976 3580 1035 3632 est.
1079 3567 1160 3633 so-÷

95 3666 148 3736 iam
166 3661 464 3755 filiorum'lorepbi
491 3667 647 3750 εὐλογίαν
668 3671 808 3754 scriptor
834 3668 957 3751 attulit,
988 3671 1140 3754 quoniam

95 3772 187 3835 rtatim
199 3769 384 3855 Iosephum,
398 3768 510 3836 lacobi
523 3768 625 3834 filium
638 3769 886 3853 nobilissimum,
899 3784 1050 3857 tunquam
1062 3770 1138 3835 illu-

95 3882 149 3939 tire
159 3870 446 3960 fideicxomplum,
456 3870 634 3956 producere
648 3870 793 3937 volebat.
816 3872 875 3938 καὶ
887 3868 1138 3958 προσεκύνησεν

95 3969 133 4037 ’πί
144 3971 184 4040 τὸ
198 3970 310 4060 ἄκρον
322 3974 382 4051 τῆς
394 3969 526 4060 ῥάβδου
541 3970 664 4060 atron]
674 3982 707 4037 et
729 3958 883 4039 inclinnt'o
900 3976 1007 4059 capite
1025 3992 1136 4038 cerens

95 4075 239 4161 trepident
255 4058 365 4141 tacita·
385 4079 439 4138 ιιιι·
458 4072 530 4156 (pro
545 4073 651 4139 αὐτοῦ
665 4090 753 4140 recte
773 4075 1009 4158 rescripserunt
1025 4075 1136 4140 Grion·

95 4174 217 4271 achior,
240 4172 424 4260 Knoppiur,
452 4173 600 4258 Vaterno,
625 4174 777 4243 Sobottnr
791 4171 907 4259 αὐτοῦ)
924 4173 1029 4239 Deum
1041 4195 1135 4240 cece-
