2604 4746
346 276 353 287 ¹
422 302 581 383 Error
605 273 705 393 Xll'‚
738 330 775 384 v.
802 315 837 385 t.
871 402 874 410 ,
1080 317 1156 389 toa
1278 378 1282 386 .

107 454 202 541 utram
232 473 405 539 lectionem
437 473 605 559 sequaris,
635 486 668 536 et
691 475 936 540 convenientius
960 493 1035 539 asso
1056 472 1158 540 verba

104 578 177 639 baec
194 596 255 660 pro
280 576 459 638 assertione
485 571 631 657 simplice
653 571 790 656 habero,
813 596 908 661 qnam
928 575 1180 641 antecedenter
1225 574 1227 579 ’

102 676 232 762 phrases
247 694 360 741 secum
376 674 490 738 ferent.
533 664 630 738 Mens
648 675 815 759 scriptoris
836 675 918 741 haec
941 686 1009 761 est:
1031 699 1091 742 vos
1106 691 1155 742 ta·
1231 728 1234 737 .

100 797 169 840 men
183 776 337 861 propensi
354 777 434 839 estis
448 771 489 839 ad
504 771 718 839 delectionem
732 776 774 840 cf.
787 797 819 840 v.
837 783 866 840 1.
883 784 933 843 12.
956 782 1007 856 10,
1024 785 1075 844 25.
1097 777 1154 842 ubi

101 900 127 942 v.
143 889 209 953 not.
227 880 273 940 ita
288 877 395 963 agitis,
410 893 448 940 ac
463 878 492 939 si
504 876 708 941 immemores
724 877 796 941 sitis
812 877 1038 943 admonitionis
1052 878 1165 961 illins,
1250 861 1254 869 ¹

101 977 296 1059 calamitates
314 998 335 1041 a
355 975 432 1041 Deo
447 977 610 1042 immissas
631 997 706 1040 esse
732 978 861 1062 signum
882 981 1002 1044 amoris
1017 981 1155 1064 paterni,

102 1100 170 1142 esse
200 1076 370 1142 salutares.
432 1070 605 1142 Continent
633 1076 715 1141 haec
742 1078 842 1144 verba
869 1079 1155 1166 reprehensionem

103 1200 167 1244 cnm
184 1179 404 1244 cohortatione
415 1181 627 1261 coniunctam,
648 1177 749 1242 nolite
769 1180 815 1243 ita
837 1200 944 1265 agera·
957 1190 1018 1244 etc.
1040 1179 1155 1266 παρά·-

103 1280 210 1359 stne..
229 1301 293 1343 non
316 1282 572 1361 consolationem,
595 1279 653 1344 sed
674 1266 921 1346 cohortationem
935 1279 1066 1344 indicat.
1109 1277 1155 1345 Ut
1231 1264 1236 1273 ⁶

105 1380 180 1444 hanc
200 1383 267 1446 vim
281 1378 439 1444 rocabulo
461 1379 680 1461 subiiciamus,
701 1378 867 1466 postulant
881 1379 982 1445 verb'a
998 1402 1081 1467 quae
1100 1401 1155 1445 sa·
1228 1400 1231 1405 ·

107 1497 247 1568 quantur,
271 1488 304 1546 et
323 1482 396 1566 ipsa
416 1482 525 1566 imago
559 1502 579 1545 a
603 1483 761 1566 scriptore
791 1480 947 1559 hactenns
972 1482 1153 1566 proposita,

108 1603 180 1667 quae
204 1593 236 1645 et
255 1581 288 1646 h.
311 1580 334 1646 l.
361 1585 544 1667 respicitur.
586 1582 714 1646 Perstat
739 1581 824 1645 euim
849 1582 883 1644 in
904 1579 1153 1648 translationes
1215 1650 1218 1656 ,

111 1681 283 1745 cursoribus
307 1693 340 1744 et
359 1682 489 1749 athletis
510 1680 668 1764 desumta,
701 1683 764 1768 qui
781 1693 996 1766 spectatorum
1018 1684 1153 1749 vocibus

111 1793 135 1843 tt
146 1780 259 1867 plausu
275 1781 500 1846 excitabantur
514 1794 546 1846 et
559 1782 785 1847 incitabantur.
810 1780 939 1846 Aelian.
953 1781 996 1846 H.
1009 1785 1051 1848 A.
1067 1789 1099 1866 6,
1123 1792 1152 1850 1.
1211 1836 1215 1859 ,

111 1881 228 1948 δέονται
246 1885 308 1964 μὲν
332 1872 392 1948 οὖν
413 1881 592 1971 ἄνθρωποι
613 1882 717 1967 λόγον
742 1880 802 1947 τοῦ
823 1881 1072 1968 ιιροτρὲψοντος
1095 1887 1153 1951 καὶ

111 1981 334 2059 ἀναπείσαντος
350 1982 510 2068 ιῖγαθούς
527 1971 627 2064 εἶναι,
648 1984 707 2049 καὶ
723 1980 786 2061 τήν
799 1986 859 2066 μὲν
874 1981 1003 2049 δειλίαν
1022 1981 1155 2064 διώξον-

112 2104 167 2165 ιος,
189 2083 230 2151 sd
255 2087 290 2153 δὲ
313 2083 480 2171 εὐθαρσὲς
505 2081 841 2171 παρασκευάσαντος·
862 2076 1017 2164 ἀθληταὶ
1039 2089 1099 2170 μὲν
1120 2086 1155 2163 ἐς

111 2184 144 2249 ιδ
156 2182 288 2266 στάδια,
310 2185 514 2272 στρατιῶται
530 2187 567 2250 δὲ
582 2185 615 2261 ἐς
630 2184 674 2252 ταὶ
694 2180 781 2251 ὅπλα
803 2181 942 2248 domines
962 2194 999 2250 at
1022 2185 1099 2250 dotti
1112 2210 1154 2252 aa

105 2286 202 2361 fortes
220 2294 296 2367 stat,
318 2283 501 2350 hortatione
515 2295 620 2369 egeat,
642 2296 676 2352 et
697 2290 853 2352 ιιιαιίοιιιι
873 2291 1021 2351 oratione
1039 2290 1152 2372 pterea,

111 2409 178 2473 qaae
201 2399 236 2454 et
255 2395 376 2451 metam
389 2388 497 2464 tollat,
517 2398 552 2452 et
574 2390 676 2454 addat
698 2393 842 2454 astatore
863 2386 1006 2452 athletae
1029 2391 1152 2474 parilem

109 2493 144 2556 cd
155 2492 262 2568 stadia
273 2488 428 2553 bertaudi
440 2499 526 2569 rant,
545 2492 660 2555 mittier
675 2491 721 2554 ad
732 2503 844 2554 ἀιἰιια.
865 2482 940 2566 ἥτις
960 2487 1152 2573 διαλέγεται

109 2608 151 2674 np.
172 2586 393 2674 παράκλησις.
433 2588 619 2653 Admonitio
640 2590 714 2673 ipsa
737 2589 1052 2676 tanquam'persons
1073 2588 1105 2653 h.
1127 2590 1151 2654 l.

107 2684 232 2778 loquens
248 2690 416 2770 inducitur,
439 2701 472 2752 et
487 2690 721 2772 διαλέγεσθαι,
741 2690 781 2753 de
796 2691 887 2754 onius
901 2686 994 2753 verbi
1005 2698 1152 2773 potesta·

107 2798 130 2853 te
150 2792 241 2855 varia
255 2790 319 2852 vid.
337 2789 511 2874 Drestgt'ar
524 2792 565 2856 de
578 2790 622 2855 V.
638 2789 685 2854 Μ.
700 2813 733 2877 p.
748 2797 822 2856 241.
844 2792 878 2855 in
899 2788 960 2855 hac
980 2788 1152 2853 verborum
1261 2818 1263 2822 ³

107 2892 324 2980 complexione
347 2892 510 2978 significat
531 2895 668 2977 alloqat',
690 2905 727 2956 nt
749 2914 801 2977 ap.
821 2890 958 2956 Herodi.
975 2896 1004 2970 1,
1019 2895 1050 2955 5.
1067 2897 1098 2953 2.
1120 2896 1151 2969 2,
1201 2948 1204 2953 .

107 2993 130 3054 7.
148 2999 198 3058 10.
219 2992 269 3058 υἱέ
288 3011 369 3075 μου,
390 2991 438 3076 μή
461 2988 615 3080 ὀλιγώρει
629 3014 659 3059 ιι.
678 3015 705 3057 τ.
723 2993 754 3056 λ.
776 2991 923 3057 laudatur
940 2989 1033 3054 locus
1053 2991 1152 3056 Prov.

104 3093 128 3173 3,
145 3100 195 3158 11.
214 3100 263 3158 12.
291 3095 348 3174 ita,
370 3105 405 3157 ut
429 3092 530 3158 verba
554 3094 698 3158 versioni
718 3092 818 3157 Alex.
843 3104 989 3156 accurate
1016 3110 1152 3176 raspon-

102 3189 202 3275 deant,
223 3195 287 3258 nisi
303 3194 388 3282 quod
400 3194 503 3259 Hebr.
519 3197 620 3268 ’izin
634 3195 786 3259 versione
809 3190 868 3255 illa
892 3212 1086 3278 expressum
1110 3194 1153 3267 sit

100 3297 155 3376 ar,
177 3306 209 3359 et
221 3298 254 3358 in
270 3294 341 3358 cod.
355 3292 455 3359 Alex.
469 3315 528 3380 pro
546 3295 679 3381 ἐλέγχει,
701 3292 787 3380 qnod
799 3294 834 3357 in
848 3293 918 3357 cod.
927 3290 1035 3357 Vatia.
1049 3302 1150 3373 extat,

97 3386 223 3482 legatur
244 3390 403 3478 παιδεύει,
425 3394 510 3482 quod
533 3394 667 3462 verbum
688 3416 733 3458 ex
753 3390 786 3458 h.
807 3393 831 3458 l.
847 3395 881 3456 in
893 3392 963 3457 cod.
980 3391 1079 3457 Alex.
1091 3393 1151 3457 mi·

97 3496 213 3576 gravit.
242 3491 372 3559 vVoluit
389 3507 494 3561 autem
515 3494 673 3582 epistolae
693 3508 820 3576 auctor,
840 3493 931 3559 illum
948 3490 1057 3557 locum
1080 3491 1151 3558 lau-

95 3594 187 3679 dans,
209 3595 349 3660 lectores
374 3617 452 3660 suos
474 3597 657 3678 admonere,
684 3607 719 3660 nt
737 3598 915 3682 sapientiae
935 3592 1081 3680 regulam
1103 3592 1151 3658 ibi

95 3699 316 3784 propositam,
342 3699 438 3761 etiarn
469 3696 532 3762 sibi
565 3698 680 3762 dictam
710 3708 896 3760 statuerent.
928 3694 976 3780 pai
999 3690 1151 3780 ὀλιγώρει
1226 3706 1233 3725 ⁴

95 3795 251 3874 παιδείας
267 3796 476 3884 septemnali
494 3802 692 3885 disciplinam
705 3796 776 3863 Det'
785 3816 959 3884 spernere:
981 3793 1152 3878 ὀλιγωρεῖν

95 3903 273 3983 neglegere,
303 3909 513 3964 contemnere.
551 3900 752 3983 Hesychius:
783 3896 955 3982 ὀλιγωρεῖ,
979 3892 1177 3982 derivari,

95 4001 231 4084 ἀμελεῖ,
253 3995 404 4083 ἢόλὶγην
423 3995 504 4083 ’έχων
520 4003 694 4087 φροντίδα.
715 3999 804 4064 Xer.
820 3996 920 4063 Mem.
940 4003 971 4077 2,
985 4004 1018 4062 4.
1032 4003 1062 4062 3.
1086 3998 1150 4061 τῶν

95 4099 203 4180 φίλων
218 4101 464 4184 ὀλιγωροῦντας
475 4098 531 4163 ubi
550 4096 763 4165 commutatur
782 4119 853 4162 cum
873 4096 1020 4180 ἀμελεῖν.
1042 4097 1149 4162 Hero·

95 4194 135 4265 li.
161 4207 192 4282 l,
214 4206 243 4266 1.
266 4207 295 4266 1.
325 4199 382 4267 nbi
405 4201 439 4266 ei
459 4201 632 4288 opponitur
652 4199 830 4288 irrepsistis.
871 4196 910 4264 ln
931 4183 1029 4265 texta
1046 4195 1149 4264 Hebr.
