2604 4746
372 381 375 387 .
437 279 607 404 canon
626 323 701 406 xl.
725 336 862 406 -v.·11.
1107 332 1185 410 tos
1245 437 1255 446 =

134 476 301 576 Numquae
318 485 401 555 Gon.
419 495 538 571 18,12.
557 488 723 579 leguntur,
745 496 829 559 satis
841 505 953 581 aperte
974 471 1101 579 ddcent,
1124 498 1185 564 Sa·

132 608 177 652 rue
191 590 291 654 risum
311 609 378 653 non
397 587 556 674 laetitiae,
577 594 636 658 sed
658 593 856 663 diffidentiae
872 608 905 660 et
919 593 1183 663 subsannationis

129 690 228 771 inisse,
249 688 346 756 docet
368 693 466 754 etiam
485 692 697 777 reprehensio
721 694 821 761 Iovae
842 690 938 783 quarn
958 695 1061 761 subiit
1078 702 1113 761 ν’.
1128 704 1180 764 13.

129 797 169 857 14.
188 787 314 856 Verum
329 792 430 857 etiam
440 790 658 877 Abrabamus,
673 817 746 861 cum
762 797 794 860 ei
803 795 883 860 lova
897 798 1132 879 annuntiasset,
1140 817 1180 863 se

94 918 106 937 »
126 893 179 976 ipsi
191 912 236 956 ex
252 891 336 956 Sara
350 889 456 957 filium
470 893 618 962 daturum
632 918 717 978 esse,
734 916 872 984 eumque
885 909 1013 981 patrem
1033 898 1178 983 gentium

125 993 192 1074 iore,
204 993 322 1079 risisse
337 990 457 1079 legitur
470 992 553 1060 Gen.
563 1001 614 1078 17,
625 1001 683 1061 17..
699 996 804 1091 (Rom.
819 1005 852 1078 4,
867 995 933 1078 19.)
956 994 1178 1062 Nihssominus

124 1106 217 1158 tamen
225 1084 447 1159 Paulusliom.
454 1103 486 1176 4,
495 1100 547 1160 20.
561 1095 602 1159 de
609 1094 795 1162 Abrahamo
807 1094 931 1179 scribit,
941 1117 1015 1163 eum
1028 1096 1094 1162 fide
1105 1094 1176 1182 ple-

124 1215 186 1258 num
199 1212 265 1258 nou
279 1193 457 1279 dubitasse,
473 1195 533 1262 sed
547 1192 621 1259 Deo
636 1193 775 1281 gloriam
787 1195 940 1262 tribuisse
951 1211 983 1263 et
994 1198 1176 1263 certissime
1221 1242 1229 1261 .

113 1288 300 1379 'persuasum
313 1294 376 1361 sibi
388 1295 556 1379 babuisse,
566 1317 649 1385 quae
659 1293 754 1361 Deus
764 1298 962 1382 promiserit,
974 1298 1087 1363 eadem
1096 1319 1175 1383 pcr-

122 1393 205 1460 ficere
218 1415 329 1480 posse.
346 1394 457 1476 Quare
471 1396 753 1481 Boumgortmics',
768 1397 804 1464 0.
813 1397 855 1466 It*-
866 1396 1058 1480 Sobnidiua,
1068 1398 1171 1464 Heia-
1186 1399 1189 1402 ’

122 1497 241 1562 tibrim
256 1508 290 1560 et
297 1485 495 1574 Diodorfius
509 1492 815 1580 aniruadverte'runt,
832 1499 992 1583 epistolae
1006 1509 1172 1565 auctorem

123 1595 329 1684 significanter
339 1598 511 1682 scripsisse
525 1598 585 1664 καὶ
598 1594 688 1678 adesi
702 1597 887 1664 bocseusu:
899 1603 1071 1693 ¹t'psc'odeu
1081 1597 1172 1665 Sura

122 1711 275 1763 aureatam
285 1697 461 1763 incredula.
477 1697 543 1763 Sed
552 1719 597 1762 ex
603 1700 646 1762 iis
655 1720 737 1784 quae
746 1712 926 1788 sequuntur
937 1697 1060 1782 verbis,
1069 1709 1169 1780 recte,

121 1817 179 1862 neo
191 1795 503 1886 iudiciocolligitur,
524 1799 717 1885 scriptorem
728 1799 839 1867 verbis
854 1796 1025 1881 substricti,
1049 1787 1170 1863 sterili-

120 1907 203 1964 tatem
218 1898 321 1963 Sarae
337 1894 472 1985 eiusque
489 1910 688 1965 senectutem
701 1902 904 1984 respexisse.
938 1897 1073 1966 Scilicet
1086 1899 1170 1964 Sara

120 1997 199 2063 initio
215 1994 346 2088 quidem
363 2020 429 2064 nou
455 1999 647 2083 crediderat,
669 1999 729 2064 sed
750 2023 770 2065 a
792 2000 873 2066 Iova
886 2000 928 2066 ob
944 2001 1046 2068 risum
1057 2022 1168 2086 repre·

118 2095 226 2179 borsa,'
237 2121 274 2164 re
287 2101 469 2166 accuratius
480 2100 686 2167 considerata
697 2099 795 2165 fidem
810 2099 980 2167 habuerat.
1022 2102 1061 2167 In
1073 2101 1167 2167 codd.

118 2199 267 2265 nonnullis
288 2197 426 2288 legitur:
462 2200 522 2266 καὶ
544 2196 632 2282 adri
656 2196 776 2291 ’Σάρῥα
801 2202 931 2288 στεῖρα.
953 2199 1071 2287 vulg.
1093 2209 1168 2287 epta

120 2297 195 2369 Sara
209 2306 351 2370 sterilis:
369 2304 406 2366 in
422 2300 499 2367 aliis
513 2300 608 2367 libris
623 2314 731 2368 extat:
748 2300 772 2384 ἡ
786 2303 917 2390 ctrina.
936 2304 971 2368 in
986 2300 1062 2367 aliis
1076 2305 1165 2368 στεῖ-

101 2424 150 2490 ·po
160 2391 254 2480 οὖσα,
274 2402 359 2469 hauc
370 2401 543 2480 lectionem
558 2394 795 2490 expresserunt
806 2403 905 2479 etium
920 2402 992 2489 Sir.
1010 2411 1072 2467 utr.
1086 2400 1164 2466 Arr.

118 2501 197 2592 Copt.
219 2502 329 2590 (Aeth.
348 2505 441 2590 ponit
460 2515 536 2588 post
560 2500 678 2589 ἔλαβε)
701 2505 738 2569 it.
759 2503 852 2570 Arm·
869 2501 1056 2590 Theopbyl.
1092 2501 1165 2567 Has

116 2621 179 2671 sero
198 2603 396 2670 lectionesa
418 2603 639 2691 grammaticis
659 2624 734 2669 esse
750 2606 927 2691 profectas,
949 2624 1045 2670 nemo
1066 2601 1163 2668 facile

115 2706 220 2772 infitias
235 2706 307 2772 ibit.
348 2704 414 2771 Pro
427 2702 513 2786 αὐτή
524 2702 660 2795 Σάρῥα,
679 2704 863 2787 Michaelis,
888 2704 1050 2790 Storrius,
1070 2705 1164 2771 Hein-

115 2806 213 2874 ietbiot
232 2810 268 2873 in
291 2804 383 2871 Diss.
402 2805 501 2872 inser.
539 2804 710 2871 Examinis
733 2828 881 2871 curarum
906 2807 1046 2874 criticar.
1065 2817 1162 2893 atque
1218 2866 1227 2883 .

114 2912 263 2995 exegetic.
293 2905 436 2974 Gilberti
462 2905 646 2986 Wakefield
668 2908 705 2971 in
733 2905 836 2972 libros
862 2904 905 2972 N.
929 2905 969 2971 F.
990 2905 1110 2972 Partic.
1130 2912 1160 2971 1.

113 3003 232 3097 briang.
257 3013 351 3074 1798.
379 3015 412 3073 4.
432 3029 467 3093 p.
486 3012 538 3072 16.
573 3004 747 3095 leg'eudum
767 3029 841 3073 esse
861 3011 1058 3073 censuerunt
1078 3003 1175 3096 αὐτῇ·

111 3099 231 3198 Σᾶρῤα,
250 3118 286 3171 ut
300 3106 406 3193 ἔλαβε
420 3128 492 3173 cum
505 3110 680 3174 remotiore
697 3104 851 3194 Ἅβραᾶμ
867 3109 1082 3189 construatur,
1104 3108 1161 3194 qui

111 3211 195 3276 etiam
207 3231 307 3275 versu
322 3230 391 3296 seq.
405 3207 466 3273 sub
482 3230 564 3274 voce
579 3208 644 3298 ἀφ’
658 3207 733 3286 ἑνός
745 3247 788 3261 -
800 3207 1045 3295 reassumpsisse
1064 3205 1160 3285 intel·
1181 3212 1184 3220 '

110 3304 248 3396 ligandus
265 3313 317 3394 sit,
340 3322 437 3396 atque
452 3312 534 3377 adeo
553 3312 713 3375 sententia
724 3309 879 3397 procedat
894 3310 991 3378 haec:
1010 3309 1159 3377 Abraha-

109 3429 179 3493 mus‚
200 3423 355 3498 tanquam
377 3408 457 3475 fidei
475 3412 654 3496 praemium
671 3413 797 3498 accepit
818 3433 839 3476 a
854 3409 929 3478 Dec
956 3415 1033 3493 vim,
1056 3421 1091 3473 ut
1110 3409 1159 3475 fe·
1250 3415 1256 3437 ¹
1294 3499 1298 3507 ι

108 3514 202 3579 cundo
216 3510 388 3578 concubitu
402 3512 516 3577 Seram
528 3526 761 3599 praegnantem
774 3512 936 3595 redderet,
948 3533 1054 3600 eaque
1064 3532 1159 3597 prae·

106 3623 148 3678 ter
170 3615 471 3698 exspectationem,
501 3624 607 3678 aetate
630 3617 697 3681 iam
718 3615 883 3702 provecta,
912 3611 1015 3680 filium
1035 3612 1170 3678 ederet.¹
1232 3673 1235 3676 ,

100 3713 270 3780 Michaelis
288 3707 394 3781 'rerba
419 3714 600 3801 expressit:
630 3710 733 3784 durch
760 3720 824 3785 den
840 3715 994 3784 clamen
1014 3711 1158 3799 empliug
1261 3770 1266 3776 .

102 3835 145 3896 er,
165 3813 342 3890 selbstfdr
364 3818 418 3883 die
439 3815 711 3901 minderglaubigc
727 3815 827 3903 Sara,
849 3825 920 3884 eine
939 3837 1022 3882 acue
1033 3812 1156 3901 Krtfb

100 3935 165 3982 zoas
177 3913 402 3993 frechtium
421 3915 615 4003 Beyscblcf,
643 3920 711 3985 aad
728 3925 776 3984 oie
793 3920 897 4004 gedor
916 3914 1014 3999 noct,
1042 3917 1086 3982 da
1108 3919 1156 3981 sic

98 4017 205 4101 linget
215 4014 298 4082 iiber
317 4020 369 4084 die
389 4016 492 4084 Jatre
511 4021 572 4086 der
584 4009 837 4092 Frucbtbcr‘teit
854 4020 968 4086 Macco
984 4037 1065 4098 soor,
1085 4016 1159 4081 sccii
1193 4052 1204 4066 ·

97 4138 133 4205 cr
154 4116 302 4194 denfdr
324 4117 544 4204 glncbuitrdtg
571 4119 666 4203 dealt,
704 4123 765 4189 dor
785 4143 831 4187 os·
842 4119 1027 4188 cardetum
1051 4115 1155 4183 butte.

99 4216 246 4287 &orrico
269 4216 372 4285 verba
395 4219 552 4288 reddidit:
573 4219 675 4290 durch
696 4222 760 4290 dos
780 4219 927 4290 dtamen
946 4220 1059 4290 111191·
1073 4215 1157 4287 osci
