2604 4746
371 247 528 364 Cnlrur
563 288 637 364 XI.
673 294 884 367 v.·21..22.
1082 297 1156 370 423

95 475 175 542 erga
190 452 310 534 Deum,
325 475 371 518 -ao
393 453 530 539 proinde
550 453 684 518 verbum
707 453 905 537 προσκυνεῖν
925 453 957 519 h.
978 455 1001 520 l.
1017 468 1050 520 et
1068 455 1150 526 Gen.

95 555 119 620 Ι.
132 553 155 619 l.
175 553 223 618 ita
243 557 385 639 positum
407 557 578 641 accipiunt,
599 570 635 620 ut
653 553 775 619 valeat:
804 559 963 638 adorare,
990 566 1153 639 venerari,

95 664 189 740 atquc
217 653 390 718 vorborum
416 657 576 719 sententia
604 655 686 720 haec
711 659 768 720 sit:
803 656 942 722 lacobus
971 661 1151 723 certissime

95 774 246 838 sperans,
273 765 350 820 vota
372 775 431 819 sua
452 767 602 821 eventum
623 754 772 821 habitura
795 779 886 838 esse,
908 756 995 821 laeta
1016 760 1151 843 quaevis

95 853 224 939 losephi
239 853 319 918 filiis
339 868 524 941 auguratus,
545 856 698 921 inclinato
720 859 755 921 in
779 858 946 942 cuspidem
966 855 1074 920 baculi
1096 878 1150 923 ca-
1211 855 1214 859 ’

95 957 169 1039 pite,
190 953 299 1034 Deum
314 969 485 1019 veneratus
499 969 548 1020 est
563 957 596 1021 h.
611 979 640 1020 e.
654 960 776 1042 gratias
791 960 824 1023 ai
836 980 896 1043 pro
911 948 974 1022 boc
988 956 1148 1023 beneficio

95 1057 169 1140 egit.
210 1054 406 1120 Monuerunt
428 1057 557 1142 quidem
586 1070 697 1123 contra
727 1056 809 1146 hanc
834 1056 935 1123 verba
961 1057 1148 1143 explicandi
1208 1098 1213 1107 ι

95 1159 246 1219 rationem
259 1154 430 1222 normale
446 1169 480 1220 et
492 1156 696 1240 Diodorfiur,
709 1158 843 1225 verbum
858 1161 1052 1245 προσκυνεῖν
1068 1179 1148 1222 non-

95 1257 153 1318 nisi
175 1256 215 1320 da
233 1258 275 1320 iis
299 1256 373 1336 dici,
396 1259 450 1343 qui
468 1270 629 1343 prostrato
653 1256 743 1323 bumi
763 1281 898 1344 corpore
919 1258 1028 1323 Deum
1047 1278 1147 1321 vene-

95 1369 210 1437 rentur,
231 1376 292 1419 nec
309 1356 450 1420 additum
469 1357 501 1423 h.
524 1355 546 1421 l.
568 1353 660 1440 esse,
683 1356 761 1446 quid
789 1359 971 1423 adoraverit
997 1357 1146 1424 Iacobus.

96 1452 156 1520 Sed
174 1478 270 1520 usum
290 1453 443 1544 loquendi
463 1459 539 1529 huic
562 1457 782 1543 explicationi,
805 1463 888 1545 quae
912 1457 1078 1544 prioriilli
1092 1478 1146 1520 su·

95 1577 150 1640 pra
162 1555 278 1621 allatae
292 1560 506 1641 praeferenda
521 1559 660 1640 videtur,
682 1562 866 1647 neutiquam
880 1560 1049 1645 refragari,
1071 1555 1143 1645 pla-

96 1660 220 1723 nissime
242 1660 336 1743 docet
353 1659 446 1724 locus
462 1667 478 1725 1
493 1658 576 1746 Reg.
593 1667 622 1741 1,
636 1665 689 1725 47.
705 1667 758 1725 48.
778 1672 889 1724 nostro
914 1658 1084 1727 admodum
1099 1659 1143 1721 si·

95 1758 184 1842 milis,
204 1759 261 1824 ubi
276 1760 316 1823 de
331 1758 459 1825 Davide
473 1759 607 1846 legitur:
629 1761 687 1823 καὶ
700 1758 925 1845 προσεκύνησε
947 1758 967 1826 ὁ
981 1755 1143 1843 βασιλεῖς

96 1857 144 1923 ἐπὶ
162 1859 225 1940 τήν
244 1856 364 1939 κοίτην
378 1860 490 1926 αὑτοῦ.
531 1860 707 1949 Praeterea
728 1864 823 1926 etiam
841 1859 1040 1949 προσκυνεῖν
1057 1855 1143 1959 haud
1183 1856 1185 1865 '
1233 1878 1237 1884 ·

95 1979 161 2025 raro
174 1963 302 2026 omnino
317 1973 420 2025 notat:
442 1958 550 2026 Deum
564 1963 725 2043 venerari,
748 1962 856 2027 colera
877 1982 909 2026 v.
929 1957 1003 2031 I'oh.
1021 1965 1071 2039 12,
1088 1961 1140 2021 20.

97 2058 157 2124 Act.
171 2067 201 2141 8,
215 2066 266 2125 27.
288 2068 341 2142 24,
356 2068 405 2126 11.
429 2061 551 2127 Omitto
568 2061 651 2126 alias
664 2050 801 2128 aliorum
815 2062 1051 2148 explicationes
1064 2077 1141 2120 oon·

99 2171 187 2224 tortas
202 2162 400 2248 idoneisque
421 2165 617 2247 argmnentis
641 2162 828 2237 destitutas;
858 2163 972 2240 adeat,
1001 2161 1056 2245 qui
1082 2178 1139 2220 eas

100 2264 282 2346 cognoscere
297 2265 393 2347 cupit,
422 2263 537 2342 Wolfio·
550 2264 665 2347 Coras,
679 2262 850 2341 Diodorfii
860 2274 893 2326 et
906 2263 1015 2327 Bezoe
1038 2279 1142 2343 anno-2³

99 2369 154 2424 tau.
170 2363 212 2425 ad
221 2358 292 2425 tal.
334 2362 554 2449 Quaecunque
569 2375 677 2431 autem
700 2363 872 2428 verborum
894 2359 1069 2446 explicatio
1091 2378 1137 2421 ex

98 2461 131 2524 iis
149 2473 226 2548 quas
251 2483 348 2546 supra
371 2462 564 2547 protulimus
584 2467 780 2539 admittatur3
811 2460 1137 2549 apposita.aententia

98 2563 144 2625 καὶ
154 2559 399 2647 προσεκύνησεν
411 2585 443 2627 κ.
459 2588 489 2628 τ.
503 2564 534 2627 λ.
554 2564 674 2650 frigida
687 2577 747 2646 est,
770 2578 802 2629 et
814 2564 999 2651 languidam
1018 2563 1146 2642 oratio--
1245 2619 1250 2629 .

98 2679 157 2728 nem
169 2664 285 2745 reddit,
307 2676 423 2728 etcum
440 2663 504 2727 alia
516 2685 649 2748 prorsus
671 2668 848 2739 occasione¹
862 2687 903 2730 ea
919 2687 1002 2751 quae
1016 2651 1049 2728 lr.
1065 2661 1089 2726 l.
1103 2682 1135 2723 v.
1221 2725 1223 2728 Α
1282 2706 1291 2721 ,

99 2776 168 2827 extr.
190 2762 355 2849 leguntur,
384 2767 564 2839 evenerint3
593 2769 735 2831 maxime
761 2764 930 2852 probabile
956 2776 1023 2844 est,
1051 2762 1156 2826 hunc·

97 2877 223 2929 neruum
239 2863 346 2929 locum
361 2867 633 2932 annumerandum
646 2889 720 2932 esse
735 2865 818 2931 locis
832 2861 1134 2950 interpolationibus
1165 2909 1168 2915 ·
1236 2907 1238 2910 -

99 2968 240 3053 corruptis
261 2965 338 3049 (vid.
353 2987 436 3051 quae
450 2969 630 3032 notavimus
643 2967 686 3031 ad
699 2965 770 3031 loh.
786 2973 836 3046 13,
850 2966 924 3049 20.),
947 2983 1051 3049 nequa
1072 2961 1135 3024 boc

98 3066 331 3132 additamentum
344 3053 365 3128 a
379 3088 474 3129 manu
490 3070 659 3152 scriptoris
669 3068 765 3132 huius
780 3065 940 3151 epistolae
963 3084 1036 3136 esse
1046 3082 1133 3146 pro·

95 3164 206 3233 scotum.
256 3155 482 3231 Additamento
508 3167 616 3232 loeum
645 3167 774 3232 dedisse
803 3166 951 3229 videntur
976 3161 1077 3231 verba
1098 3183 1132 3225 v.

95 3272 134 3334 22.
156 3270 213 3334 καὶ
234 3266 310 3353 περὶ
331 3267 394 3332 τῶν
414 3263 538 3334 ὀστέων
559 3265 660 3334 αὑτοῦ
677 3263 864 3333 ἐνετείλατο
884 3265 957 3332 coll.
981 3264 1064 3330 Gen.
1078 3268 1132 3344 47,

95 3370 131 3434 ο.
147 3377 202 3438 ao.
260 3424 266 3437 .
458 3369 460 3372 ⁴
545 3446 547 3451 y
756 3356 758 3360 ‘

162 3478 214 3535 22.
235 3468 289 3535 De
303 3468 435 3554 Iosephi
452 3469 618 3555 sepultura
634 3470 684 3535 cf.
699 3470 782 3535 Gen.
797 3476 906 3552 tam
920 3490 970 3556 sq.
998 3469 1064 3532 Ex.
1079 3476 1129 3549 13,

95 3573 133 3637 tt.
152 3572 224 3637 Act.
237 3577 269 3651 7,
288 3576 336 3635 16.
358 3569 413 3633 ubi
431 3592 462 3635 v.
478 3583 542 3634 not.
564 3560 675 3636 πίστεῖ
690 3571 811 3638 fiducia
831 3572 947 3659 plenus
963 3569 1131 3661 Israelitas

95 3667 116 3731 in
133 3674 323 3756 promissam
342 3680 460 3736 terram
484 3671 692 3736 Cananaeam
708 3675 949 3760 immigraturos
971 3664 1057 3734 esse.
1078 3694 1130 3734 τε·

95 3764 199 3859 ἰοοτᾷν
214 3779 303 3837 mori.
326 3771 429 3836 Plena
442 3770 580 3836 fonnula
596 3774 755 3862 τελευτᾷν
767 3773 828 3840 τὸν
839 3772 915 3858 βίον
935 3769 1010 3835 Ael.
1027 3767 1071 3834 Η.
1086 3769 1130 3834 V.

95 3870 115 3947 5,
129 3880 163 3938 2.
186 3873 242 3938 Sic
254 3873 360 3951 finire
378 3872 497 3958 legitur
518 3895 570 3957 ap.
596 3871 703 3939 Tacit.
725 3877 811 3938 Ann.
835 3880 867 3955 6,
882 3878 933 3939 50.
957 3883 1041 3935 extr.
1056 3872 1132 3957 περὶ

95 3972 139 4050 [ἧς
154 3970 270 4052 ἐξόδου
287 3972 352 4037 τῶν
371 3975 448 4038 υἱῶν
468 3969 599 4060 Ἰσραήλ
620 3973 834 4062 ἕμνημόνευε]
861 3973 1016 4040 vertunt:
1032 3971 1130 4048 fctu-
1175 4050 1182 4064 .

95 4085 150 4136 ”um
164 4081 288 4139 exitum
302 4073 530 4139 Ieraelttarum
544 4071 823 4143 commemorauit.
849 4073 894 4138 Aa
904 4094 982 4137 vero
996 4071 1131 4137 verbum

95 4171 354 4259 trapovedstuin
373 4174 433 4239 bac
455 4179 611 4243 orationis
638 4182 723 4246 serie
748 4197 812 4242 non
833 4174 1023 4261 simpliciter
1040 4187 1155 4240 notat·
