2632 4740
57 322 61 329 '
96 316 194 429 Ι470
355 303 516 387 creor
541 311 640 386 XII.
665 329 703 385 v.
728 316 765 386 9.
793 317 852 386 10.
880 315 941 386 ll.
1062 373 1064 377 ,

30 464 33 470 ’
120 487 182 558 ert,
202 473 363 541 vocabulo
383 488 492 542 tamen
513 479 586 562 ipro
607 475 673 542 alio
696 496 806 555 renco,
827 486 864 539 nt
884 474 1041 557 vidimus,
1062 479 1172 544 adhibi-

119 588 164 641 to.
182 575 314 662 εἴχομεν
329 577 516 653 παιδευτάς
539 598 600 641 nos
621 575 832 662 castigabant,
856 578 973 640 durius
998 578 1171 660 tractabant,

120 699 229 742 amore
244 699 323 762 erga
335 699 395 742 non
408 679 495 742 ducti
509 677 584 742 coli.
599 700 631 742 v.
645 685 677 743 7.
692 677 806 742 salutis
821 689 954 741 nostrae
969 676 1022 740 hir
1038 681 1072 741 in
1091 683 1172 743 tenir

22 762 29 773 ⁵
121 799 231 842 ennam
253 775 419 859 habentes,
442 792 477 842 nt
500 792 623 844 rectam
646 782 734 844 'vitae
755 780 843 843 viam
866 799 1093 865 sequeremur.
1120 779 1173 843 ἕνε·
1212 848 1214 857 ,

122 875 323 963 τρεπόμεθα
337 900 391 943 eoo
404 878 638 960 reverebamur,
661 882 702 944 iic
717 900 782 959 non
797 876 1078 965 repugnabam,
1093 879 1175 943 dirci-

104 975 231 1064 ‘plinae
247 1000 360 1043 eornm
374 999 508 1043 severae
522 999 583 1042 nos
599 978 860 1043 subiiciebamus.
904 978 1173 1065 Theophylactm:

121 1079 185 1143 οὐκ
201 1079 394 1162 ἐτολμῶμεν
410 1077 644 1159 ἀποπηδῆσαν,
666 1076 741 1143 ἀλλ’
760 1075 1022 1164 ἐνετρεπόμεθα
1043 1082 1102 1144 καὶ
1116 1079 1176 1145 rint·

121 1178 279 1263 μένομεν,
302 1174 367 1244 ὅσα
383 1177 427 1245 ἂν
438 1178 604 1268 ἐπέφερον
619 1200 683 1244 ποτε
696 1179 888 1245 audebamus
900 1184 1048 1259 rerilire,
1071 1183 1127 1246 red
1136 1203 1175 1245 re

123 1281 311 1347 verebamur
326 1301 381 1344 eor
394 1290 428 1344 et
433 1289 603 1366 patienter
614 1279 857 1359 ruottnebamue,
879 1278 1093 1367 quaecunque
1107 1281 1176 1347 ναόν

56 1440 61 1450 .
122 1381 320 1459 offerebant.
340 1370 602 1447 ὑποτάσσεσθαι
624 1403 658 1445 re
680 1379 753 1445 Deo
773 1378 934 1445 subiicere
957 1402 993 1445 v.
1014 1379 1176 1448 Portant

123 1480 187 1545 Iao.
204 1489 236 1561 4,
251 1486 283 1551 7.
304 1481 335 1543 h.
349 1478 371 1542 l.
388 1468 587 1546 calamitates
608 1502 628 1543 a
643 1478 717 1542 Deo
739 1481 905 1543 immissas
927 1501 997 1544 non
1028 1503 1175 1558 recusare,

124 1582 183 1646 ned
198 1569 347 1645 lubenter
360 1579 470 1644 subire
487 1594 521 1644 et
534 1591 717 1644 constanter
730 1580 876 1662 perferre
891 1580 935 1644 ci.
948 1581 1019 1647 Iac.
1033 1581 1060 1647 l.
1079 1582 1103 1647 l.
1116 1579 1173 1646 coil.

126 1682 245 1747 1Petr.
262 1686 293 1762 5,
308 1685 340 1744 6.
363 1681 423 1745 καὶ
445 1678 592 1764 ζήσομεν
614 1683 767 1766 perennis
787 1692 918 1795 nortfuc
938 1680 1063 1746 salotis
1081 1701 1174 1746 caneo

34 1809 40 1817 ·
124 1784 181 1847 καὶ
214 1781 248 1846 h.
277 1780 301 1849 l.
328 1782 395 1848 vim
430 1781 553 1846 obtinet
582 1778 763 1866 particulae
791 1774 851 1846 ἵνα
874 1802 906 1849 v.
945 1783 1078 1849 Waldir'
1101 1781 1173 1847 clav.

125 1905 157 1946 n.
177 1889 229 1948 13.

208 1988 258 2047 10.
279 1982 312 2048 οἱ
323 1982 385 2066 μὲν
398 1979 463 2069 γαρ
480 1977 537 2046 sci.
553 1979 614 2064 τῆς
625 1977 752 2068 σαρκός
766 1972 859 2065 ἡμῶν
871 1978 1032 2068 πατέρες.
1057 1979 1127 2049 Νοτ
1139 2001 1173 2045 re·

124 2085 233 2148 verina
249 2093 426 2147 tractarunt
447 2081 529 2167 πρός
550 2078 666 2166 όέόγας
680 2081 805 2166 ἡμέρας
818 2085 864 2147 ad
876 2081 975 2149 breve
990 2093 1128 2170 tempor,
1146 2084 1173 2146 ri·

124 2183 317 2271 gnificantnr
346 2184 422 2246 anni
450 2183 618 2267 pueritiae.
660 2182 865 2267 Praepositio
893 2183 982 2268 πρός
1009 2183 1173 2254 nominibn

81 2346 84 2352 .
124 2286 417 2370 temporationem,
446 2295 536 2347 notat
554 2284 608 2360 ad,
624 2302 690 2366 per
702 2280 776 2346 Gal.
793 2289 824 2363 2,
842 2288 873 2348 5.
891 2283 983 2367 πρός
1007 2280 1105 2366 ὥραν
1120 2280 1173 2346 ait

64 2405 69 2413 ’
124 2387 204 2452 Luc.
230 2393 260 2467 8,
284 2391 336 2449 13.
363 2382 434 2447 loh·
457 2386 488 2459 ό,
509 2385 563 2449 35.
593 2381 800 2463 acor-‚na
830 2381 904 2446 Ael.
928 2383 975 2447 Η.
1000 2382 1051 2448 V.
1076 2387 1173 2461 izit

64 2482 69 2495 ’
126 2485 215 2550 κατά
227 2484 267 2549 τό
282 2485 401 2550 δοκοῦν
416 2493 518 2569 prout
542 2489 584 2547 ε’έε
603 2483 784 2563 videbatur,
806 2504 866 2567 pro
886 2481 1029 2548 arbitrio
1052 2508 1121 2566 eno,
1140 2505 1172 2548 or·

125 2585 253 2650 roribus
279 2583 434 2662 obnoxii,
469 2582 616 2669 adeoque
639 2587 769 2668 saepius
790 2583 909 2646 frustra
926 2595 960 2647 et
983 2607 1061 2652 cum
1084 2587 1172 2651 damno

125 2687 272 2750 severius
297 2703 357 2746 nos
380 2695 567 2748 tractarunt.
600 2682 680 2748 όὸέ
703 2685 812 2765 Deus,
843 2685 1082 2770 repetendum:
1114 2683 1171 2770 πρός

124 2783 239 2867 ὀλίγας
255 2782 378 2869 ἡμέρας
389 2781 551 2862 παιδεύει,
572 2805 645 2848 nam
663 2782 755 2849 Dens
771 2787 899 2848 nonnisi
915 2808 978 2870 per
992 2786 1094 2851 huius
1107 2790 1169 2850 vitre

125 2887 224 2952 breve
243 2887 383 2971 spatium
404 2905 463 2948 nos
489 2887 636 2948 severina
657 2897 782 2965 tractat,
805 2898 837 2948 et
852 2889 886 2948 in
900 2891 1069 2972 appositis
1083 2889 1127 2952 nil
1140 2896 1169 2950 et

126 2988 212 3074 qnod
233 2984 344 3050 verbis
371 2983 451 3067 πρός
479 2981 598 3067 ὀλίγας
625 2982 750 3071 ἡμέρας
777 2981 958 3052 ἐπαίδευον
987 2991 1168 3074 respondeat,

126 3084 288 3151 oonsoIari
305 3099 412 3151 autem
428 3084 533 3151 voluit
549 3087 689 3170 scriptor
703 3086 852 3166 lectoren,
876 3107 1002 3174 eosque
1022 3090 1116 3154 rimu]
1131 3107 1167 3152 er·

125 3192 226 3253 citare
242 3188 283 3257 ad
297 3188 521 3255 constantiam.
562 3184 673 3249 Locus
697 3186 812 3250 similis
833 3192 848 3249 1
866 3186 958 3251 Petr.
976 3197 1008 3270 1,
1029 3197 1061 3255 6.
1083 3182 1168 3256 irriti

128 3287 353 3376 συμφέροντα
366 3298 509 3351 rostrum
525 3289 714 3353 commodum
737 3287 778 3350 ad
800 3307 910 3350 veram
935 3304 1085 3357 nostram
1108 3289 1167 3354 scir·

126 3400 203 3452 tem.
227 3384 273 3462 εὶς
286 3386 325 3453 τό
335 3387 545 3472 μεταλαβεῖν
565 3387 623 3464 τῆς
637 3384 817 3468 ἁγιότητος
833 3387 941 3453 αὐτοῦ
955 3400 993 3454 ατ
1010 3395 1168 3458 sanctem

40 3502 43 3507 ’
126 3495 228 3574 §prim
245 3495 426 3574 partiorper
448 3490 631 3567 reddamur,
654 3498 688 3549 nt
711 3489 913 3551 sanctitatem
929 3489 1005 3553 Dei
1021 3494 1168 3566 imitante,

128 3609 205 3653 vere
225 3582 318 3672 όέγιοε
334 3591 446 3671 simne,
469 3600 503 3652 et
517 3589 624 3653 indies
642 3590 748 3672 magis
765 3587 882 3653 fiamus
897 3591 941 3658 cf.
960 3600 978 3657 1
995 3581 1126 3673 Petet,
1139 3594 1168 3656 tt

128 3687 244 3760 Matth.
262 3695 292 3772 5,
310 3694 364 3754 41.
794 3702 797 3709 ’

218 3796 269 3857 11.
293 3787 448 3854 Concedit
465 3786 622 3873 epistolae
649 3798 761 3852 auctor
783 3785 978 3874 lectoribus,
1001 3793 1170 3859 calamitate

130 3886 221 3955 inse
237 3900 399 3982 spectatas
416 3909 480 3960 non
504 3910 578 3956 esse
596 3887 715 3968 laetas,
737 3887 795 3951 sed
820 3886 962 3957 affirmat
984 3897 1083 3963 etiam
1102 3911 1170 3977 prae·

125 3991 251 4063 ,clarum
280 4010 352 4053 esso
376 4008 488 4054 carum
509 4002 671 4055 eventum.
699 3989 795 4054 παῖσα
817 3990 853 4055 δέ
875 3992 1021 4059 παιδεία
1038 3991 1170 4077 πρόςμέε

127 4091 165 4155 τό
182 4087 293 4175 παρόν
316 4111 348 4154 κ.
365 4111 394 4152 τ.
410 4088 454 4173 t]
469 4096 566 4155 omnir
577 4091 700 4175 quidem
713 4080 882 4173 disciplina
897 4101 1049 4178 νευστέον
1059 4102 1089 4158 r‘n
1096 4109 1170 4179 prae

126 4198 247 4270 centia,
268 4188 421 4278 quamdiu
456 4191 608 4270 sentitur,
631 4210 694 4259 roo
712 4193 880 4274 laetitiae,
908 4196 973 4264 red
993 4197 1107 4264 doloris
1124 4203 1170 4257 αν
