2604 4746
421 329 577 408 Carur
601 334 676 412 XI.
711 357 749 412 v.
779 342 835 411 19.
1084 348 1158 417 419

98 496 253 586 o‘ptoierorc
273 498 454 566 similitudo.
498 494 697 578 Diodorfiur
717 499 820 564 verba
840 497 1010 585 explanat:
1033 507 1158 589 accepit

97 584 201 669 fililrm
214 620 319 680 suum,
339 610 376 660 ut
389 587 710 684 haberet'irnaginem
724 599 979 686 adspectabilem
995 604 1089 667 istius
1105 606 1158 669 rei

98 716 192 790 qulam
206 699 400 778 crediderat,
423 696 530 762 Deum
545 699 696 763 nimirum
719 701 754 764 in
775 703 877 765 vitam
902 721 1057 765 revocare
1078 726 1157 790 pos·

99 812 304 865 semortuos.
346 796 516 864 B'o'lrmr'dr:
534 800 617 863 ende
630 821 699 876 eum
713 821 833 886 quoque
842 821 908 887 per
922 806 1157 871 similitudinem

98 906 288 988 reportarit,
311 899 367 979 ita,
390 910 425 961 ut
446 908 534 963 esset
552 899 659 984 imago
681 903 929 965 resurrectionis
946 915 1155 993 mortuorum.

98 997 299 1065 inversione
317 995 418 1061 latina
438 994 541 1062 verba
565 999 613 1061 ita
636 1001 815 1084 expressit:
837 1003 921 1066 unde
944 1024 1014 1068 eunt
1035 1028 1157 1093 quoqne

100 1121 166 1166 eser
174 1095 461 1186 praefiguratione
479 1097 538 1181 (ita
559 1109 595 1161 ut
616 1092 815 1163 mertuorum
836 1100 1158 1187 praesignificantur

99 1198 305 1281 rerurrectio)
326 1204 520 1284 reportavit.
564 1197 631 1263 Sed
655 1211 688 1264 et
707 1198 789 1263 lraec
810 1202 1037 1286 interpretatio
1060 1206 1157 1270 nobis

100 1288 185 1363 mere
208 1297 380 1362 arbitraria
401 1298 541 1377 videtur,
564 1298 605 1362 cf.
626 1302 724 1363 etiam
746 1319 829 1387 qnae
854 1322 954 1386 supra
975 1303 1035 1367 sub
1057 1303 1105 1368 lit.
1123 1304 1156 1369 b.

102 1402 297 1486 scripsimus.
340 1398 373 1481 2)
399 1394 547 1462 Storrr‘nr
563 1403 679 1464 vertit:
704 1420 742 1464 er
765 1399 873 1465 delam
891 1402 945 1469 ilus
959 1405 1041 1468 ααολ
1057 1406 1157 1470 durch

102 1506 190 1566 daeo
201 1498 451 1580 merkwdrdigen
463 1497 651 1583 Arrerprnch
664 1503 792 1580 wieder,
807 1500 943 1565 notabili
956 1505 1065 1587 effato,
1083 1501 1157 1570 ora·

104 1598 172 1663 culo
187 1620 261 1663 eum
274 1600 399 1682 recepit
416 1595 491 1661 coll.
507 1594 589 1660 Gen.
604 1601 657 1679 22,
676 1605 865 1685 rnre-18.
889 1601 930 1664 ad
953 1601 1035 1667 hanc
1059 1627 1157 1671 voca·

102 1686 444 1782 λιιλοηιιηπαραβολὴ
462 1708 494 1759 et
509 1690 581 1763 tua
602 1697 872 1783 significationem
887 1702 1158 1787 comprobandam

102 1797 208 1863 laudat
222 1796 319 1863 Num.
337 1805 390 1878 23,
409 1802 504 1861 7.18.
534 1802 587 1878 24,
601 1804 632 1863 3.
649 1805 699 1865 15.
716 1805 768 1864 20.
813 1800 913 1865 Recte
935 1802 1159 1871 Hermolaum

103 1898 182 1964 lranc
203 1898 456 1985 explicationem
479 1898 575 1960 nimis
604 1912 760 1963 remotam
790 1912 888 1986 atque
923 1902 1158 1970 incommodam

105 2002 265 2065 indicavit.
317 2000 350 2082 3)
377 1998 583 2079 Camerarius
608 1997 709 2062 verba
732 1999 904 2085 explanat:
937 2002 1103 2089 exponent
1123 2027 1159 2070 re

96 2104 242 2187 periculo
257 2096 511 2178 amittendt'filri',
531 2100 619 2162 illins
634 2105 769 2182 recepit.
803 2102 1015 2184 Hernlergr'ne
1025 2103 1158 2190 Parerg.

109 2202 193 2267 Scor.
215 2224 249 2285 p.
269 2205 327 2279 351
352 2218 401 2283 sq.
429 2197 466 2262 ἕν
484 2197 665 2290 παραβολῇ
679 2190 876 2266 reddendum
890 2205 1019 2267 statuit:
1040 2211 1074 2269 r'n
1090 2213 1160 2291 r'pm

101 2305 361 2388 praesentissimo
380 2302 539 2386 periculo.
581 2294 758 2384 Ropdelt'us
778 2300 877 2366 Obss.
894 2300 1008 2385 Polyb.
1033 2303 1068 2370 ἐν
1092 2316 1159 2370 πα·

110 2402 230 2491 ραβολῇ
243 2399 385 2484 positum
401 2412 474 2463 esse
492 2400 537 2462 ait
550 2419 609 2483 pro
627 2400 845 2485 παραβόλως,
867 2415 899 2465 et
918 2407 1031 2467 vertit:
1053 2413 1160 2491 irrepe-

108 2513 188 2580 ndo,
203 2510 456 2587 praetermeat,
477 2501 570 2562 nteit
587 2499 631 2563 id.
655 2498 708 2585 qd.
728 2497 808 2584 παρ’
829 2498 957 2568 ἰλλάδα.
999 2502 1161 2595 Provocat

110 2601 148 2665 ad
158 2600 265 2666 locum
281 2598 366 2663 Ptin.
382 2622 433 2685 ep.
450 2607 481 2680 9,
497 2604 548 2664 26.
562 2608 594 2665 4.
616 2599 673 2664 ubi
684 2599 819 2684 legitur:
840 2613 916 2673 erent
929 2611 1010 2669 em'm
1024 2615 1161 2689 mamma

110 2702 280 2782 mantin,
311 2708 558 2786 praemaxime
584 2707 773 2788 insperata,
800 2710 940 2775 αααδπα
964 2711 1161 2787 periculosa,

112 2813 200 2890 etque
223 2803 348 2868 Graeca·
366 2809 468 2885 magis
492 2807 677 2886 enprirtunt
702 2798 900 2886 παράβολα.
944 2800 1068 2868 Verum
1095 2829 1161 2870 πα-

113 2901 239 2988 ράβολα
259 2924 312 2987 ap.
328 2900 419 2965 'Plin
439 2901 570 2965 denotat
595 2904 752 2976 audacio:
776 2904 873 2965 etiam
892 2923 945 2986 ap.
964 2901 1106 2990 Longin.
1121 2908 1162 2971 de

115 3003 239 3068 sublim.
263 3007 315 3083 32,
334 3011 367 3068 4.
399 2999 444 3067 τά
466 2998 652 3086 παράβολα
677 3002 826 3064 dicuntur
849 2999 950 3063 durae
973 3015 1004 3065 et
1025 3007 1164 3071 audaces
1203 3028 1210 3033 ”

115 3101 324 3188 metaphorae.
367 3101 526 3188 Rnplrelt‘o
541 3099 754 3186 adstipulatus
773 3110 823 3161 est
837 3097 1007 3183 Krebrius,
1022 3109 1075 3190 qui
1089 3129 1164 3171 sen-

117 3222 178 3268 sum
195 3200 369 3267 verborum
389 3205 436 3267 ita
457 3203 639 3266 constituit:
667 3203 751 3265 unde
773 3205 872 3264 etiarn
892 3204 978 3266 illem
999 3225 1045 3270 ee·
1065 3213 1164 3273 immt-

118 3294 326 3370 state-mortis
335 3305 483 3386 periendo
492 3304 633 3385 praeter
646 3320 765 3365 omnem
786 3320 871 3384 rpem
891 3311 926 3365 et
944 3316 1165 3390 eespectctro-

118 3422 177 3468 sen
188 3409 326 3488 recepti:
347 3413 380 3466 et
395 3402 579 3467 Loesnerrsr
593 3396 766 3463 formulam
782 3398 817 3465 ἐν
831 3401 1014 3493 παραβολῇ
1034 3411 1068 3468 tn
1083 3429 1165 3471 erem.

119 3523 158 3569 rto
171 3507 361 3582 dicrimine,
383 3499 604 3589 aequipollere
619 3500 845 3582 animadvertit
863 3502 910 3588 τῷ
930 3500 1011 3585 παρ’
1031 3503 1167 3588 ἐλπίδα,

120 3602 319 3690 παραδόξως.
363 3602 409 3666 At
423 3605 588 3665 enimvero
607 3599 694 3664 aliud
709 3614 758 3664 est
774 3603 808 3663 in
828 3622 952 3665 summo
969 3602 1165 3686 discrimine,

120 3703 207 3786 eliud,
229 3714 359 3790 praeter
380 3722 488 3786 spem:
517 3722 622 3787 neque
646 3700 727 3765 haec
746 3700 906 3766 formulae
931 3701 966 3767 ἕν
989 3705 1167 3794 παραβολῇ
1191 3692 1196 3703 ’
1243 3710 1249 3723 ’

119 3807 301 3892 explicatio,
318 3814 455 3890 praeter
469 3823 565 3887 rpem,
589 3804 739 3864 convenit
754 3801 863 3865 verbis
880 3824 962 3888 quae
979 3824 1169 3886 praecesse.

115 3908 196 3972 ¹runt:
220 3900 441 3989 λογισάμενος
458 3925 489 3966 κ.
506 3925 535 3965 τ.
553 3903 583 3966 λ.
608 3913 777 3987 praeterea
792 3901 987 3986 significatio
1003 3924 1096 3988 quam
1111 3928 1167 3970 vo·

115 3989 225 4074 cabulo
241 4002 424 4091 παραβολή
440 4001 598 4069 metam
616 4013 711 4086 atque
726 4002 910 4067 Loerneroe
926 4001 1080 4085 tribuunt,
1096 4007 1168 4072 nul-

92 4108 173 4174 ·lins
198 4109 311 4172 idonei
341 4107 507 4189 scriptoris
536 4104 727 4167 anctoritate
758 4102 945 4166 confirmari
977 4115 1096 4189 potest.
1127 4144 1169 4157 -

107 4208 195 4289 Mihi
210 4209 342 4297 quidem
355 4205 597 4292 simplicissima
619 4214 651 4268 et
674 4203 829 4268 orationis
853 4204 952 4266 seriei
975 4212 1169 4274 convenien-

818 4299 920 4368 Dua
