2604 4746
1 265 11 276 .
118 315 197 429 319
397 308 552 385 carun
578 307 652 381 IX.
686 292 810 383 vlla.
838 310 896 379 14.

117 474 179 555 τῆς
203 467 419 553 συνειδήσεως
442 469 659 560 καθαρότης,
679 472 798 538 indicat
824 468 968 557 legalem
994 472 1162 539 munditier

118 588 298 640 externam.
342 573 474 639 Scilicet
485 576 539 654 iis,
562 593 643 659 quos
654 572 712 637 lex
730 571 879 637 Mosaios
900 571 1048 658 pollutos
1069 575 1162 638 etim

117 698 218 764 puros
240 673 442 755 declarabat,
470 675 525 760 qui
546 672 656 757 lepra,
684 673 790 737 aliove
814 683 900 736 tetro
930 672 1048 737 morbo
1074 673 1162 736 effect

120 788 211 841 erant
236 775 384 855 Lev.14,
398 780 449 840 15.
478 776 533 859 qui
555 784 705 857 contactu
726 773 894 837 cadaveris
916 771 1017 838 Num.
1032 779 1083 838 19.
1105 794 1162 856 eon

118 868 395 956 taminati'erant,
425 894 488 937 non
510 871 631 937 lio'ebat
657 876 773 937 atrium
799 871 1048 938 tabernaculis.
1069 876 1162 961 templ

120 976 221 1057 adire,
243 996 315 1039 cum
329 973 489 1038 Israelitis
504 976 644 1048 verseri3
667 973 725 1038 sed
740 972 869 1038 lustrati
882 973 1056 1047 rursusad
1067 976 1162 1041 atrium

120 1075 320 1141 tabernaculi
341 1096 369 1139 s.
390 1073 502 1161 templi
527 1075 633 1152 adire,
660 1093 732 1137 eum
752 1072 829 1136 aliis
850 1074 1057 1156 conversari,
1074 1074 1112 1139 ab
1131 1077 1161 1138 iit

119 1178 209 1261 tangi
227 1189 287 1241 etc.
301 1186 470 1261 poterant..
482 1171 771 1260 Consequebantur
787 1196 868 1260 ergo
883 1174 1063 1255 sacrificiis,
1084 1176 1161 1239 etian·

119 1274 341 1360 piacularibus
361 1286 402 1352 ut¹
416 1277 554 1360 scriptor
575 1266 686 1339 noster
704 1275 797 1340 docet
816 1275 857 1340 cf.
873 1297 905 1340 v.
923 1282 954 1340 9.
970 1280 1022 1339 19.
1044 1286 1076 1338 et
1088 1272 1159 1337 ablu·

119 1374 261 1439 tionibus
283 1386 378 1461 atque
399 1372 664 1461 adspersionibus
685 1377 868 1460 puritatem,
882 1378 1089 1442 ‘sanctitatem
1107 1367 1162 1440 tan·¹

121 1489 190 1540 tum
205 1487 384 1555 externam,
407 1486 499 1539 erant
511 1496 624 1538 rursus
637 1497 714 1561 pars
731 1474 845 1560 populi
860 1477 974 1541 sancti.

206 1581 258 1638 14.
282 1573 376 1666 ardep
389 1564 519 1659 piaton
535 1573 574 1640 τὸ
590 1563 680 1660 αἷμα
693 1578 753 1642 τοῦ
770 1578 920 1660 Χριστοῦ
933 1575 1099 1662 καθαριεῖ
1115 1569 1162 1653 τήν

122 1669 307 1752 συνείδησιν
318 1696 348 1739 κ.
359 1697 388 1739 τ.
400 1673 452 1767 λι]
464 1685 580 1763 quanto
593 1683 694 1758 magia
713 1670 837 1742 Christe·
848 1698 932 1742 more
938 1674 1094 1763 purgabit
1106 1697 1162 1741 ιιι·

122 1780 290 1841 ademtam
304 1785 450 1857 ¹cestram
475 1799 497 1841 σ
514 1783 685 1862 peccato,
713 1786 750 1841 ot
770 1775 875 1841 Deum
899 1797 1009 1843 verum
1035 1779 1162 1842 colenter.

122 1871 294 1958 Duplicenr
309 1872 391 1941 baec
403 1874 505 1939 verba
517 1876 812 1962 interpretationem
837 1877 1008 1940 admittere
1024 1877 1162 1940 videntur.

124 1973 290 2039 Videlicet
310 1975 432 2041 Christi
451 1997 540 2041 mors
563 1997 622 2039 nos
641 1997 798 2066 purgare,
821 1976 956 2059 expiare
976 1977 1106 2058 dicitur,
1125 1987 1162 2040 aut

123 2076 181 2156 ita,
194 2088 229 2139 ut
242 2079 311 2140 non
321 2074 460 2160 amplius
475 2078 616 2163 peccatis
630 2075 872 2160 sceleribusque
880 2073 1114 2161 indulgeamus,
1126 2087 1162 2164 aut

122 2178 181 2256 ita,
202 2164 247 2239 ut'
258 2196 403 2261 poenae,
432 2197 568 2264 quarum
587 2197 704 2240 caussa
723 2166 768 2249 ἡ
790 2187 972 2265 peccatum,
1000 2175 1093 2242 uobis
1107 2195 1162 2252 εισι

124 2275 261 2362 amplius
281 2279 345 2341 sint
360 2277 562 2341 metuendae.
602 2274 672 2340 Iam
687 2278 801 2361 negari
822 2277 952 2362 quidem
971 2278 1092 2363 nequit,
1110 2276 1162 2340 lite

123 2397 178 2439 ras
195 2397 314 2456 sacras,
338 2377 379 2440 ad
393 2375 641 2462 compescendas
665 2375 857 2460 cupiditates
878 2397 1008 2461 pravas,
1034 2387 1067 2439 et
1085 2378 1162 2440 vinu

124 2487 213 2539 recte
228 2475 387 2561 agendam
397 2488 530 2562 propter
548 2485 684 2540 mortem
702 2473 824 2539 christi
845 2475 1016 2556 cohortari,
1040 2487 1071 2539 et
1085 2475 1162 2562 profi·

124 2577 187 2639 teri
199 2577 265 2641 vim
276 2575 462 2640 refrenandi
474 2587 617 2661 peccata,
635 2574 711 2641 huic
724 2572 821 2659 morti
832 2576 953 2658 inesse,
962 2632 965 2639 ,
974 2590 1007 2641 at
1021 2575 1054 2642 b.
1068 2576 1091 2641 l.
1104 2579 1162 2644 haet

126 2676 287 2739 sententia
306 2673 416 2747 verbis
435 2663 522 2759 αἷμα
547 2676 697 2761 Χριστοῦ
718 2675 885 2762 καθαριεῖ
898 2698 926 2744 κ.
943 2700 972 2742 τ.
991 2678 1022 2743 λ.
1039 2692 1107 2742 'neu
1123 2695 1162 2742 er:

125 2777 284 2862 primitur.
335 2774 464 2838 Etenim
485 2774 619 2839 verbum
641 2776 852 2862 καθαρίζων
857 2824 870 2858 ,
900 2799 971 2845 oum
993 2779 1026 2844 ei
1045 2780 1162 2845 iunctm

127 2887 177 2940 est
195 2874 389 2941 vocebrdum
404 2864 567 2961 ἁμαρτία,
589 2875 751 2961 significat
772 2879 867 2941 etiam
889 2899 934 2943 ex
949 2899 1012 2942 usu
1034 2878 1162 2966 loquendi

127 2978 319 3062 scriptorum
335 2998 510 3057 sacrorum,
533 2976 673 3042 liberare
690 2980 825 3064 olrpoem
840 3000 979 3063 opoente
990 2988 1125 3065 peccati,
1141 2987 1162 3041 ut

129 3085 143 3141 1
161 3076 232 3141 Iob.
249 3082 279 3158 1,
292 3083 323 3142 t.
337 3075 394 3140 ubi
404 3077 487 3141 bane
500 3075 671 3142 formulam
690 3076 753 3143 hoc
769 3099 867 3141 sensu
889 3080 1079 3164 capiendam
1097 3100 1162 3160 esse,

128 3198 146 3239 e
164 3198 195 3240 v.
209 3183 240 3242 9.
254 3179 331 3242 satis
346 3179 517 3262 perspicue
535 3187 633 3262 patet,
654 3176 700 3241 ibi
715 3179 800 3242 enim
814 3177 997 3265 explicatur
1012 3203 1071 3267 per
1085 3177 1162 3270 α’φιὲ·

128 3295 184 3338 ναι
198 3273 258 3350 wic
272 3272 447 3361 ἁμαρτίας.
490 3277 545 3341 Sie
560 3299 687 3363 queque
701 3276 804 3342 Hebr.
821 3284 871 3359 10,
886 3287 917 3343 2.
931 3281 1162 3367 κεκαθαρμὲεω

129 3374 332 3459 appellantur
345 3379 380 3459 ii,
401 3380 456 3465 qui
467 3381 816 3464 peecatorum-veniam
832 3385 998 3445 consecuti
1013 3397 1094 3447 sunt.
1113 3379 1162 3447 Net

128 3474 160 3537 h.
175 3472 198 3538 l.
215 3496 396 3543 sermonem
409 3499 483 3543 esse
500 3479 540 3543 de
553 3481 664 3542 mortis
683 3477 804 3543 Christi
820 3482 853 3543 vi
867 3479 1028 3547 liberandi
1042 3502 1162 3570 apecca·

128 3577 155 3641 ti
175 3577 321 3663 imperio,
342 3578 418 3641 inde
434 3580 647 3664 perspicitur,
667 3579 752 3664 quod
775 3601 807 3644 v.
829 3587 878 3644 tn.
910 3580 1061 3666 Christus
1085 3592 1162 3650 morte

129 3698 191 3740 sua
211 3692 374 3743 aeternam
395 3682 632 3772 espietienem,
654 3673 793 3745 αἰωνίαν
814 3678 975 3765 λύτρωσιν
999 3683 1094 3768 (pr.
1108 3691 1133 3763 1,
1143 3681 1162 3742 i.

129 3773 372 3864 ἀπολύτρωσιν,
396 3776 520 3869 ἄφεσιν
532 3781 596 3847 τῶν
609 3777 790 3867 ἁμαρτιῶν)
806 3802 940 3865 parasse
951 3782 1083 3864 dicitur,
1104 3795 1133 3847 et
1143 3795 1162 3838 t

133 3880 184 3941 tt.
200 3881 326 3944 veniam
341 3878 531 3946 conciliasse
545 3879 737 3946 delictorum
759 3892 903 3966 tempere
916 3879 961 3946 V.
978 3880 1022 3947 T.
1041 3882 1162 3949 commit

55 4002 64 4028 .
131 3996 250 4055 sorum.
286 3976 463 4047 Confirmat
477 3999 556 4046 vero
574 3985 670 4046 etiam
689 3994 784 4069 atque
800 3970 907 4048 tuetur
919 3982 1004 4048 hane
1018 3983 1162 4049 serboruu

131 4096 226 4161 quem
264 4080 490 4168 proposuimus
524 4084 820 4167 interpretationem
859 4104 914 4148 res
948 4086 1025 4170 ipsa
1056 4110 1076 4173 q

132 4176 280 4248 Christus
295 4191 506 4271 comparatur.
549 4180 696 4250 Effectus
720 4187 807 4252 enim
827 4185 940 4252 mortis
964 4183 1088 4255 Christi
