2632 4740
199 327 270 372 xxrr
369 301 763 374 PROLEGOMENA.
783 292 873 386 ¹(ion.
896 305 922 370 1.
967 309 997 386 §-
1012 288 1051 374 ’3.

200 499 223 539 a
243 481 390 557 magistro
416 482 584 542 audiverat.
626 477 797 560 Scriptores
826 466 925 538 autom
956 488 1088 551 veteres,
1113 484 1175 556 ait,
1198 501 1266 542 eoos

139 637 142 645 ,
195 581 315 659 purtim
333 578 489 654 Clementi,
503 583 620 662 partim
636 579 746 653 Lucae,
767 580 819 657 qui
841 576 1025 658 evangelium
1040 591 1070 638 et
1083 591 1169 639 actua
1185 582 1264 662 App.

202 679 301 738 litoris
318 683 516 759 consignavit,
537 670 718 741 adscribere.
760 677 932 737 Philostriur
955 674 996 759 (a.
1010 673 1097 754 380.)
1111 679 1147 737 de
1158 680 1265 740 hacre-

205 778 284 836 ribus
300 800 324 838 a.
341 782 392 841 89.
410 779 454 838 ed.
465 777 587 840 Fabric.
603 767 722 864 scribit:
743 790 814 838 suat
830 780 886 838 alii
901 797 1021 858 quoque,
1042 781 1094 857 qui
1109 781 1264 858 epoiatolom

204 874 295 935 Pastis·
313 879 356 937 od
372 876 526 939 Hebraeos
547 901 603 940 non
627 891 768 940 asserunt
788 897 853 937 csse
872 880 984 958 ipsius,
1014 879 1067 938 sod
1085 879 1189 940 dicunt
1208 894 1268 943 out

204 974 355 1036 Barnabae
377 996 440 1037 osae
457 978 601 1056 Apostoli,
622 991 677 1039 out
700 978 857 1039 coemento
872 978 907 1038 de
928 977 999 1037 urbo
1014 977 1109 1036 Romo
1124 984 1264 1062 episcopi.

204 1077 269 1136 Alii
284 1090 382 1137 autom
395 1066 495 1156 ‘Lucae
507 1077 823 1159 Evangelistaeoiunt.
866 1076 1023 1153 Explicatu
1038 1077 1124 1136 facile
1141 1091 1196 1154 est,
1212 1085 1267 1160 qui

206 1177 318 1260 fuctum!
334 1180 385 1252 sit,
407 1188 441 1237 ut
452 1179 554 1237 Patres
565 1174 639 1238 illia
654 1178 732 1237 Luca
750 1177 827 1236 hane
844 1178 997 1253 epistolam
1018 1179 1180 1254 profectam
1200 1201 1269 1241 esse

206 1279 415 1336 coniicercnt.'
439 1277 549 1338 Fuerat
569 1278 664 1339 Lucas
680 1278 767 1338 Pauli
785 1296 882 1336 comes
896 1285 926 1334 et
942 1279 1058 1352 socius3
1080 1289 1144 1336 erat
1157 1283 1264 1338 multo·
1294 1311 1297 1316 ·

205 1395 272 1434 rum
287 1387 421 1436 veterum
435 1379 576 1436 ecciesiae
591 1378 741 1437 doctorum
762 1379 873 1455 opinio,
894 1375 1016 1435 Paulum
1031 1395 1095 1435 csse
1115 1389 1267 1440 auctorem

23 1491 25 1495 ’
92 1508 95 1513 -
148 1526 155 1539 .
204 1474 363 1557 Evangelii
377 1477 485 1551 Lucae,
506 1478 617 1538 Lucam
638 1481 776 1539 nimirum
800 1495 933 1554 eaquae
955 1469 1078 1536 aPaulo
1094 1481 1266 1554 accepisset,

204 1577 300 1634 literis
325 1579 519 1658 consignasse
536 1578 596 1638 vid.
613 1577 807 1638 commentar.
817 1588 915 1636 nostr.
936 1579 969 1662 in
991 1576 1062 1635 Luc.
1082 1576 1219 1657 Prolcgg.
1233 1599 1265 1656 p.

206 1675 364 1762 2312237.
378 1676 422 1734 ed.
438 1679 466 1738 3.
484 1688 514 1737 et
528 1698 594 1737 cum
606 1678 700 1737 Lucas
720 1681 782 1757 ipse
801 1677 857 1737 Ev.
875 1679 904 1750 1,
923 1678 952 1739 3.
972 1674 1156 1755 profiteatur,
1178 1697 1210 1735 se
1231 1674 1267 1738 in

206 1773 427 1834 conscribendis
449 1776 594 1836 derebus
616 1776 726 1836 Christi
745 1778 960 1836 commentariis
981 1779 1059 1851 suis,
1081 1781 1267 1838 consuluisse

172 1885 175 1889 ’
206 1877 259 1953 qui
273 1876 309 1934 ab
324 1862 410 1934 initio
426 1886 517 1953 testes
532 1880 642 1937 oculati
655 1896 755 1936 reruni
767 1870 918 1961 geptarurn
939 1877 1075 1950 fuissent,
1096 1889 1182 1956 atquc
1195 1878 1268 1938 huic

204 1976 386 2050 professioni
406 1988 606 2037 consentanea
628 1980 691 2037 sint
712 1997 761 2051 ea,
784 1974 858 2056 quaa
886 1975 976 2035 Hebr.
998 1978 1029 2050 2,
1052 1980 1081 2036 2.
1109 1971 1288 2058 leguntur?

205 2094 275 2137 cum
289 2083 441 2153 praetcrea
457 2079 503 2136 illi
517 2079 651 2138 doctores
664 2088 792 2152 veteres,
814 2078 941 2135 auctoris
955 2078 1094 2154 epistolae
1117 2078 1267 2137 scribendi

205 2178 362 2252 rationem,
384 2180 483 2246 astilo
499 2189 530 2238 et
547 2162 683 2242 oratione
695 2177 780 2238 Pauli
794 2178 959 2255 discrepare
973 2178 1123 2237 viderentr
1138 2179 1176 2237 ‚in
1200 2198 1273 2249 (aaran⁴

206 2277 375 2352 opinionem
395 2277 588 2356 devenerunt,
609 2292 644 2339 nt
664 2274 817 2356 'epistolam
839 2278 877 2335 ad
891 2276 1000 2335 Lucam
1020 2287 1170 2337 auctorem
1188 2280 1270 2338 refe·

204 2375 327 2437 rendam
348 2394 415 2437 csse
433 2388 582 2456 putarent.
624 2378 673 2436 Ex
694 2372 907 2436 recentioribus
927 2376 1051 2436 Grotius
1063 2373 1130 2458 (qui
1143 2398 1270 2439 consen·

89 2508 91 2512 ν
204 2475 328 2535 tientem
342 2496 442 2536 secum
454 2473 566 2538 nactur
574 2489 621 2537 est
633 2475 793 2539 Kikieram
805 2479 837 2535 in
858 2474 988 2535 Verrucio
1003 2477 1074 2535 siber
1094 2478 1141 2536 ciis
1152 2476 1270 2551 Absas-

205 2579 361 2654 sungszoit
382 2579 410 2637 d.
433 2580 548 2660 epistol.
564 2578 722 2654 Schriften
737 2581 777 2639 im
793 2575 829 2636 Ν.
851 2576 884 2638 Τ.
899 2575 997 2653 Leipa.
1014 2577 1105 2636 1830.
1121 2578 1149 2637 8.
1164 2597 1192 2654 p.
1206 2581 1270 2642 205

205 2662 266 2757 r'q.)
281 2679 419 2738 instituta
437 2681 655 2757 comparatione
668 2678 804 2737 dictionis
818 2694 891 2755 quae
907 2679 940 2736 in
956 2676 1011 2735 hac
1029 2679 1151 2754 epistola
1164 2679 1271 2757 depre-

205 2777 346 2838 henditur
367 2798 434 2838 cum
457 2776 554 2844 Lucae
576 2779 726 2838 scribendi
745 2765 871 2850 ratione,
893 2774 970 2835 hanc
989 2779 1165 2837 sententiam
1187 2799 1271 2839 com-

206 2877 331 2956 prohare
353 2877 475 2938 studuit.
518 2879 646 2958 Collegit
666 2877 742 2936 hanc
761 2879 794 2937 in
809 2898 872 2936 rem
887 2878 1046 2936 nonnullas
1062 2893 1150 2938 voces
1162 2875 1193 2937 et
1208 2880 1272 2938 ior·

205 2981 313 3054 mulas,
335 2999 410 3057 quaa
421 2981 455 3038 in
470 2979 525 3039 hac
539 2981 663 3057 epistola
677 2987 850 3051 occurrunt3
873 2988 904 3036 et
924 2979 955 3036 in
971 2977 1070 3037 Lucae
1091 2991 1272 3039 commenta-

76 3100 81 3111 ¹
118 3136 121 3140 ,
205 3080 259 3137 riis
273 3082 474 3157 reperiuntur,
497 3081 549 3138 sed
566 3081 599 3139 in
616 3078 702 3138 Pauli
725 3070 858 3156 epistolis
875 3096 935 3137 non
954 3081 1103 3158 leguntur.
1145 3081 1185 3138 At
1198 3099 1271 3140 vero

208 3177 363 3254 quidinde
385 3176 528 3239 efficituri
544 3182 647 3281 plures
664 3181 753 3236 etiarn
775 3179 917 3237 formulae
930 3181 963 3236 in
977 3177 1033 3238 hac
1050 3181 1175 3255 epistola
1189 3200 1271 3238 corn-

205 3290 328 3355 parent,
355 3300 374 3339 a
395 3282 500 3359 quibus
519 3264 615 3347 Lucas
639 3280 800 3351 abstinuit,
822 3288 853 3336 et
873 3274 977 3355 quibus
994 3278 1108 3336 Paulus
1123 3298 1193 3337 naus
1215 3291 1270 3339 est.

207 3376 305 3437 Pauca
319 3383 371 3438 illa
393 3382 483 3440 verba
503 3383 592 3439 etiam
615 3382 651 3438 ab
670 3381 736 3438 aliis
755 3380 836 3437 illius
852 3381 957 3438 aetatis
974 3379 1167 3456 scriptoribus
1181 3398 1272 3439 naur-

203 3481 271 3555 ¹pari
283 3490 452 3557 potuerunt.
495 3481 678 3541 Rafutarunt
697 3479 843 3565 Gratiam,
864 3477 1020 3565 Holktipa
1038 3479 1164 3539 in-Diss.
1182 3499 1274 3559 supra

208 3574 236 3652 §-
253 3579 428 3664 1.1auo.(v.
443 3579 734 3641 Peiroiicomment.
750 3582 782 3639 in
801 3599 844 3657 ep.
862 3578 900 3638 ad
915 3568 1005 3638 Hebr.
1030 3598 1058 3656 p.
1074 3583 1122 3642 13.
1151 3581 1196 3640 ed.
1211 3581 1273 3640 Mi·

206 3678 300 3739 chael.
325 3681 427 3758 Wolfii
448 3681 516 3741 Cur.
537 3681 573 3740 Τ.
588 3684 618 3743 3.
640 3703 669 3760 p.
683 3676 768 3761 828.)
793 3675 976 3740 Wetrteniua
1000 3676 1034 3738 Τ.
1052 3682 1080 3739 2.
1105 3701 1133 3758 p.
1148 3681 1220 3741 386.
1242 3691 1273 3740 et

205 3777 347 3840 Scitottus
370 3782 487 3864 isagog.
514 3784 546 3839 in
565 3780 645 3840 libra.
665 3781 702 3841 N.
718 3781 752 3840 F.
776 3800 804 3857 p.
821 3779 892 3841 363.
908 3782 947 3840 cf.
966 3784 1056 3840 etiarn
1072 3778 1273 3855 Etcooorooo

204 3882 226 3938 1.
235 3883 255 3940 l.
271 3883 420 3962 p.464sq.
435 3884 543 3942 Lucam
553 3881 697 3942 Graecum
713 3883 853 3960 epistolae
863 3883 1053 3965 interpretem
1069 3879 1172 3951 fuisse,
1184 3899 1273 3956 quarn

205 3978 316 4039 Paulus
345 3973 575 4062 Syrochaldaico
600 4000 736 4044 sermono
765 3982 950 4058 scripsisset,
980 3977 1132 4043 contendit
1151 3977 1275 4058 Hagios

209 4074 331 4141 proteo.
349 4081 376 4156 ς.
391 4073 466 4148 149.
475 4086 519 4146 so.
534 4086 563 4148 a.

288 4177 323 4263 3)
345 4184 392 4243 Ex
413 4188 486 4269 loeis
506 4207 523 4246 a
544 4189 663 4266 scriptis
682 4183 835 4246 doctorum
854 4185 996 4246 ccclesiae
1008 4191 1141 4243 veterum
1156 4201 1185 4240 n.
1200 4181 1228 4239 2.
1243 4191 1275 4238 et
