2604 4746
394 349 552 466 Car-ur
579 349 648 426 IV.
686 374 723 428 v.
754 360 811 428 lt.
842 360 898 429 15.
1112 362 1183 432 139
1273 417 1277 429 .

111 500 660 605 rellemaccuratiusproliassent),
684 530 716 582 et
728 517 888 604 pluralem
900 540 1069 586 nnmerum
1081 520 1185 607 οὖρα-

111 618 194 697 νούς
206 623 242 685 iu
254 619 364 685 locum
379 619 514 699 alterius
533 621 661 683 numeri
678 619 885 684 substitutum
905 641 978 684 osse
994 634 1136 687 statuunt
1151 634 1186 684 ut

115 719 188 787 A'ct.
201 729 235 801 2,
249 727 302 786 34.
317 717 399 785 coll.
417 727 446 801 1,
462 727 513 787 11.
539 718 699 806 Equidem
719 720 762 783 iis
780 721 1010 806 interpretibus
1029 724 1184 787 accedere

116 822 226 885 nullus
243 820 367 903 dubito,
393 824 448 907 qui
462 818 621 906 epistolae
635 832 800 884 auctorem
813 821 1005 887 ludaeorum
1019 823 1108 888 illius
1128 847 1184 887 ae-

118 926 194 987 tatis
209 921 400 1007 opinionem
413 919 453 983 de
467 918 570 985 tribus
585 918 697 1000 coelis,
720 942 784 984 uno
799 943 909 1001 aereo,
929 922 1071 989 nubibus
1087 937 1183 1006 tecto,

120 1022 224 1087 altero
239 1021 378 1102 sidereo,
400 1023 496 1084 tertio
521 1019 691 1101 sedena,
712 1024 903 1104 respexisse
925 1034 1076 1092 statuuat.
1119 1026 1185 1090 Re-

121 1126 284 1189 centiores
299 1121 413 1187 ludaei
426 1134 551 1208 septem
571 1119 681 1185 coelos
693 1121 888 1186 distinxisse
913 1122 1115 1190 Wetttemitr
1128 1127 1187 1193 dos

123 1214 186 1289 cuit
207 1223 251 1287 ad
266 1231 287 1287 2
301 1222 380 1288 Cor.
395 1230 446 1304 12,
461 1231 493 1288 2.
521 1221 636 1288 Trium
653 1221 818 1287 coelorum
836 1224 929 1307 ipsae
942 1222 1057 1289 literae
1073 1225 1187 1293 sacrae

120 1324 316 1391 mentionem
342 1324 466 1387 faciunt
487 1345 520 1387 v.
542 1329 563 1386 2
583 1315 660 1409 Cor.
684 1330 736 1403 12,
755 1320 788 1391 2.
811 1322 871 1387 ubi
896 1326 1025 1389 tertium
1048 1326 1185 1408 coelum,

81 1492 83 1501 ,
122 1426 186 1491 Dei
198 1439 233 1491 et
247 1427 415 1512 geniorum
435 1422 624 1488 coelestium
639 1411 746 1504 sedes,
769 1425 856 1509 quod
875 1424 938 1489 Sir.
955 1431 1004 1506 16,
1021 1433 1070 1492 18.
1091 1428 1114 1493 ὁ
1132 1428 1186 1494 025.

81 1600 83 1611 Ι
123 1524 225 1615 ρανὸς
240 1526 300 1590 τοῦ
312 1522 457 1612 οὐρανοῦ
470 1525 597 1604 dicitur,
619 1523 676 1588 ubi
690 1545 721 1586 v.
736 1523 1032 1607 Bretsclmet‘dercr,
1054 1542 1189 1593 vocatur

81 1662 83 1705 ;
125 1627 327 1715 παράδεισος
350 1626 390 1690 de
412 1646 570 1711 quavoca
586 1647 619 1688 v.
634 1624 763 1689 anobis
782 1635 893 1688 notata
911 1627 953 1689 ad
965 1626 1045 1692 Luc.
1062 1636 1114 1710 23,
1131 1639 1186 1696 43.
1252 1642 1255 1647 ’

125 1731 208 1796 Tres
229 1739 321 1794 erant
340 1724 453 1813 templi
469 1740 597 1814 partes,
627 1729 758 1805 utrium,
783 1725 936 1791 Sanctum
954 1737 988 1795 ct
1007 1718 1187 1794 Sanctissi.
1296 1758 1299 1763 >

81 1838 83 1855 '
125 1854 225 1912 mum,
248 1851 331 1918 quac
354 1826 590 1914 separabantur
607 1824 732 1889 aulaeis
746 1846 778 1887 v.
793 1839 860 1889 not.
875 1826 917 1889 ad
931 1830 962 1906 6,
980 1836 1030 1896 19.
1072 1830 1186 1894 Ponti.

126 1935 180 1998 lex
194 1950 343 2015 summus
355 1931 542 2017 quotannis,
564 1928 617 1992 die
634 1927 757 2002 decimo
777 1928 899 1991 mensis
914 1926 1019 2010 listi,
1043 1931 1189 1997 Sanctis-
1262 1956 1269 1971 “

129 2037 242 2100 sunum
262 2016 413 2110 intrabat,
436 2041 469 2094 et
492 2051 563 2094 cum
581 2027 643 2093 hoc
661 2026 840 2114 pontificis,
863 2029 919 2113 qui
944 2032 1053 2092 varias
1074 2034 1187 2119 templi

126 2148 233 2223 partes
244 2129 413 2211 transibat,-
434 2134 585 2216 ingressu
598 2130 631 2192 in
646 2129 775 2210 adytum
789 2140 953 2214 comparat
966 2143 1077 2195 noster
1091 2130 1188 2197 Chri-

129 2241 166 2303 sti
179 2241 216 2302 in
229 2232 357 2301 coelum
369 2231 519 2312 reditum,
541 2232 592 2294 cui
614 2232 698 2293 varii
716 2229 855 2314 ου’ρανοὶ
876 2232 1063 2295 transeundi
1084 2248 1187 2316 erant,

131 2339 227 2403 donec
239 2337 367 2400 veniret
381 2335 417 2396 in
433 2334 577 2397 intimam
594 2330 695 2397 veluti
713 2330 815 2395 divini
830 2328 955 2414 palatii,
977 2332 1091 2416 templi
1113 2358 1197 2400 coc-.

131 2439 219 2505 lestis
243 2458 278 2499 v.
300 2432 342 2498 ad
368 2455 400 2498 v.
421 2439 472 2498 16.
503 2446 572 2498 not.
591 2445 734 2519 partem,
774 2429 831 2494 ubi
851 2452 887 2493 se
907 2432 1016 2515 ipsum
1037 2436 1188 2505 victimae

130 2540 197 2606 loco
214 2537 288 2602 Deo
302 2533 419 2600 obtulit
439 2554 471 2596 v.
489 2541 521 2614 9,
537 2539 588 2598 26.
610 2555 669 2620 pro
689 2531 874 2598 hominibus
896 2535 1069 2599 intercedit
1088 2541 1120 2617 7,
1134 2543 1188 2602 25.

131 2649 176 2708 28.
199 2638 258 2702 ubi
274 2659 307 2700 v.
323 2647 393 2700 not.
416 2648 450 2699 et
473 2655 547 2699 cum
559 2633 633 2699 Deo
649 2646 764 2720 regnat
780 2641 809 2714 1,
824 2641 855 2700 3.
879 2631 989 2709 Quare
1016 2638 1116 2702 etiam
1136 2661 1189 2723 ep.
1244 2637 1249 2645 ’

132 2757 239 2808 auctor
252 2759 319 2802 non
332 2727 463 2820 scripsit
483 2733 677 2820 α’ναβάντα,
698 2747 734 2814 ut
749 2732 870 2820 legitur
887 2733 970 2819 Eph·
983 2743 1017 2815 4,
1032 2743 1052 2801 8
1067 2759 1116 2824 sq.
1134 2751 1191 2802 aut

133 2838 378 2928 ἀναληφθέντα
391 2857 423 2899 v.
437 2836 511 2901 Act.
524 2843 554 2918 1,
571 2843 601 2900 2.
615 2847 671 2898 aut
685 2832 938 2924 ἀναφερόμενον
950 2841 983 2898 t.
997 2834 1144 2928 Lucx24,
1158 2845 1190 2903 5.

132 2945 185 3010 sed
210 2939 443 3027 comparationi
462 2939 628 2999 institutae
657 2937 886 3000 convenienter
909 2933 1011 3003 verbo
1037 2937 1192 3016 διεληλα-

131 3045 309 3111 θόταιιτιιτ
321 3049 382 3102 est.
394 3039 565 3122 κρατῶμεν
574 3032 633 3114 τῆς
641 3031 840 3123 ὁμολογίας]
853 3044 1048 3102 reteneamus
1055 3039 1191 3122 profes
1199 3061 1209 3098 ⁴.

133 3154 244 3213 αὀααα
263 3151 423 3221 acetrum
457 3138 565 3231 lesina
581 3157 738 3200 summum
757 3150 901 3201 nostrum
925 3136 1129 3222 pontificem,
1158 3155 1192 3208 et

132 3245 293 3312 felicitatis
310 3250 440 3304 nostrae
455 3250 629 3319 auctorem,
646 3238 780 3324 eiusque
796 3238 878 3302 adeo
899 3237 1092 3323 religionem
1113 3265 1193 3308 con·
1246 3258 1249 3265 ’

133 3357 248 3412 stanter
269 3332 480 3430 profiteamur
493 3339 559 3404 vid.
574 3340 616 3403 ad
629 3345 660 3420 3,
686 3345 715 3412 1,.
735 3341 907 3423 κρατῶμεν
915 3339 961 3402 id.
976 3342 1029 3428 qd.
1043 3342 1193 3429 βεβαίως
1208 3414 1213 3419 ,

81 3462 90 3511 ι’
134 3444 344 3533 κατάσχωμεν
357 3447 388 3522 3,
403 3447 497 3507 614.
515 3441 703 3526 κατέχωμεν
720 3436 785 3515 τήν
806 3437 991 3526 ὁμολογίαν
1001 3442 1126 3526 α’κλινῆ
1140 3453 1191 3528 10,

81 3548 83 3557 '
136 3556 181 3615 23.
202 3541 483 3631 Theophylactus:
503 3538 649 3626 βεβαίως
665 3539 960 3627 παρακατέχωμεν.

212 3652 264 3715 15.
284 3645 513 3712 Affirmaverat
524 3644 663 3728 scriptor
677 3643 786 3708 lesum
800 3640 970 3725 Messium,
992 3644 1192 3732 eundemque

137 3749 314 3836 pontificem
324 3742 549 3826 caelantia
567 3745 678 3808 sedem
692 3746 841 3826 intrasse,
863 3758 896 3809 et
915 3746 1125 3810 admonuerat
1143 3747 1193 3813 le.

140 3865 248 3932 etates,
269 3861 306 3913 ut
326 3846 403 3912 huic
423 3851 567 3933 ipsorum
586 3844 735 3932 pontifici
758 3859 941 3939 constanter
968 3846 1191 3929 adhaererent,
1267 3878 1270 3885 ·

81 4022 85 4029 ,
140 3954 171 4016 iu
183 3956 281 4039 e'oquc
296 3948 448 4015 fiduciam
462 3968 554 4011 suam
567 3947 774 4012 collocarent.
817 3948 887 4013 lam
905 3946 1062 4011 rationem
1085 3948 1193 4013 reddit

143 4055 235 4133 curel
250 4052 426 4116 adhaerere
439 4056 535 4137 atque
549 4047 710 4113 confidere
723 4050 850 4133 possint
863 4060 895 4112 et
905 4047 1054 4130 debeant,
1075 4061 1193 4116 etcum

147 4148 250 4237 aliquis
272 4163 533 4217 conuamonere
557 4140 681 4235 posset:
706 4151 735 4212 si
757 4149 832 4213 talis
853 4170 890 4212 ac
912 4160 1019 4214 tantus
1034 4163 1085 4215 est
1098 4151 1192 4216 Chri-

151 4262 223 4334 stus,
239 4255 378 4322 miserus
399 4254 519 4320 uostris
540 4272 606 4318 uon
628 4249 826 4334 movebitur3
850 4249 946 4321 simul
957 4250 1076 4377 querbis
1095 4253 1209 4318 hrrius.
