2632 4740
74 230 78 239 ’
111 356 114 361 .
150 289 229 336 na
332 263 738 361 rnonaaounnn,
758 268 846 353 cas.
869 271 968 359 ap.
991 279 1022 340 ε.

149 439 223 503 med
244 442 312 504 sevi
324 436 359 500 T.
375 442 404 502 3.
418 460 445 517 p.
458 442 531 505 854.
552 443 631 520 typis
646 444 802 520 repetitum
820 455 866 503 est
884 443 940 504 hoc
961 446 1156 526 fragmentum
1170 452 1204 508 in

151 542 275 602 Routdia'
293 541 435 618 Reliqniis
448 540 547 602 Sacris
562 542 627 603 von
647 546 678 605 4.
701 563 737 620 pc
754 546 771 604 1
792 562 835 622 sq.
878 545 1098 610 01011111818.
1121 551 1153 609 8.
1172 561 1204 612 ot
1219 565 1229 627 j

148 643 324 711 decateron·
342 640 462 727 [diptota
478 641 510 699 B.
523 647 553 703 4.
567 644 726 729 p.,35pqq.
763 643 938 729 1diapdantnr
956 648 988 704 in
1007 646 1063 711 hoc
1081 667 1204 725 ,canone

149 743 290 804 tredecim
314 743 455 822 epistolae
481 740 597 823 Pauli,¹
613 745 792 829 coniunctim
813 748 910 807 ¹etiann
939 738 1205 811 commemorantur

149 843 224 907 duae
241 841 279 903 ad
290 832 471 900 Laodicenos
485 839 529 924 (ις.
546 841 608 903 cit
626 846 659 916 4,
679 839 742 926 16.)
759 853 794 913 ,et
811 844 1038 934 Alexpndrinop,
1059 867 1134 939 onae
1154 860 1202 912 ta-

149 964 216 1008 men
233 942 324 1002 Paulo
346 941 556 1011 abiudicantur.
599 939 700 1029 Verba¹
715 955 800 1012 sunt:
813 947 924 1020 fertur
945 951 1035 1015 etium
1058 948 1202 1029 edjau-

149 1046 252 1105 deaaet
271 1033 492 1123 (Laodicenos),
513 1039 642 1109 alione!
658 1042 893 1119 Alesnadrs'aos,
915 1044 1005 1119 Pasti
1026 1022 1138 1131 nomine
1154 1051 1202 1126 fi-

110 1163 114 1179 ¹
148 1157 217 1211 ctae
237 1145 279 1203 ud
297 1141 447 1200 haeresem
465 1135 538 1219 (sic)
557 1141 740 1211 Marcionis:
761 1155 793 1202 et
811 1145 994 1227 clippiaco,
1014 1169 1088 1227 quae
1105 1154 1135 1208 in
1148 1169 1202 1208 ca-

147 1244 285 1305 tholicam
300 1238 452 1308 eeclesiam
466 1241 563 1322 recipi
574 1254 737 1327 mppoteet
751 1240 822 1325 (leg.
837 1231 993 1325 possunt).
1034 1249 1202 1326 Epistulam

147 1345 185 1427 ad
199 1341 413 1425 Alexandrinos
431 1359 495 1419 euna
511 1356 587 1416 esse,
606 1360 681 1421 quae
695 1344 779 1402 nobis
794 1347 914 1422 epistola
927 1344 964 1427 ad
978 1346 1128 1408 Hebraeos
1147 1371 1201 1428 ap·

126 1474 129 1481 ·
144 1447 282 1527 pelletur,
301 1440 335 1499 V·
351 1440 388 1504 Ι).
403 1441 515 1513 statuit,
538 1442 707 1521 atqueinde
724 1447 812 1506 etiam
828 1448 953 1527 colligit,
964 1446 1200 1513 Alexandrinum

146 1550 179 1605 in
198 1544 253 1609 hee
273 1542 396 1623 epistole
415 1558 529 1613 sensuro
554 1553 644 1621 atque
664 1546 776 1605 modum
804 1545 912 1606 dudum
940 1549 1074 1627 cgnitum
1093 1551 1198 1608 fuisse.

147 1646 260 1706 Verum
273 1643 341 1706 hnic
361 1643 524 1721 sententiae
540 1640 575 1698 de
592 1643 731 1716 epistolae
746 1645 783 1702 ed
795 1643 945 1729 Hebraeos
968 1649 1092 1728 origine,
1112 1667 1200 1727 pree-

145 1759 193 1812 ωε
214 1746 273 1807 alia
287 1762 304 1802 a
318 1740 430 1802 Letclcio
441 1743 474 1799 in
491 1741 621 1805 Uttmaai
633 1753 663 1800 et
682 1741 835 1830 Umbreiti
849 1745 934 1805 theol.
950 1745 1074 1832 Studien
1088 1748 1198 1830 Iatrg.

149 1849 238 1929 1830.
259 1843 332 1904 Hert
346 1843 374 1900 2.
394 1861 422 1919 p.
437 1841 508 1905 451.
531 1852 562 1900 et
573 1839 694 1926 Sedena
705 1843 822 1927 iregcg.
836 1865 863 1923 p.
880 1847 950 1910 366.
970 1859 1082 1923 notata,
1101 1830 1200 1913 enatat

138 1928 314 2031 ¹'argumenti
333 1947 365 2005 in
382 1943 476 2006 literis
497 1941 534 2000 ad
548 1942 691 2019 Ephesios
718 1952 749 2003 et
766 1942 954 2009 colossenses
972 1958 1059 2025 atquc
1075 1952 1199 2027 epistola

146 2058 247 2116 nostra
267 2046 438 2126 pertractati
455 2042 621 2116 diversitas,
640 2063 735 2121 neque
757 2045 789 2108 in
812 2045 1021 2120 Muratoriano,
1044 2067 1126 2129 quiem
1149 2050 1195 2106 di·

144 2160 231 2222 cunt,
253 2166 386 2220 canone,
412 2164 464 2225 per
486 2153 674 2204 memoratam
698 2143 740 2205 ibi
758 2146 908 2222 epistolam
926 2146 962 2204 ad
983 2148 1196 2208 Alexandrinos

142 2248 364 2328 intelligendam
379 2263 443 2306 esse
457 2247 607 2322 epistolum
616 2253 749 2330 nostmn
763 2244 800 2304 ad
813 2244 973 2317 Hebraeas,
996 2245 1047 2306 s'ed
1060 2250 1141 2310 illam
1159 2250 1197 2311 ed

143 2347 371 2419 Alexandrinos,
391 2363 483 2421 neque
499 2363 532 2406 ae
547 2345 701 2422 epistolam
717 2344 754 2400 ad
767 2343 960 2418 Laodicenos,
981 2347 1073 2411 fuisse
1088 2351 1198 2426 epista.·

141 2451 185 2511 les
200 2447 414 2524 suppositiones,
434 2444 519 2504 Pauli
539 2444 656 2505 nomine
680 2446 848 2523 evulgatas,
875 2442 1038 2506 docuerunt
1055 2443 1195 2509 Bleekiua

141 2569 169 2626 p.
189 2549 231 2607 42
249 2565 291 2622 eq.
314 2546 375 2604 120
398 2564 440 2623 sq.
466 2554 496 2602 et
521 2543 681 2603 Guerilciue
702 2545 734 2601 in
759 2547 931 2624 Beytrcigen
954 2566 1011 2604 zur
1034 2537 1196 2609 tntcrncls

48 2698 51 2703 ,
141 2649 213 2712 derit.
231 2646 406 2723 Einler'tung
418 2647 464 2702 ins
477 2643 513 2702 N.
527 2640 562 2703 T.
578 2662 606 2723 p.
620 2643 640 2703 7
656 2663 698 2722 sq.
722 2675 765 2689 -
785 2642 821 2704 In
837 2655 919 2704 tanto
934 2645 970 2703 de
991 2666 1061 2705 vero
1073 2658 1196 2708 auctare

142 2749 282 2827 epistolae
298 2746 336 2805 ad
352 2742 500 2808 Hebraeos
516 2743 664 2818 dissensu,
693 2763 758 2806 eum
774 2746 833 2804 iam
849 2740 966 2810 veteres
985 2747 1022 2804 de
1037 2767 1071 2829 eo
1088 2749 1197 2809 incerti

141 2849 277 2925 dubiique
301 2845 460 2917 haeserint,
481 2853 515 2904 ut
542 2844 614 2904 adeo
632 2838 780 2925 Origenes
805 2845 894 2907 fateri
919 2858 949 2908 et
971 2865 1041 2923 prae
1066 2849 1194 2913 ecferre

139 2970 199 3013 non
216 2946 403 3019 dubitaverit,
424 2946 481 3032 soli
496 2943 560 3004 Deo
577 2943 666 3003 huius
684 2948 822 3025 epistolae
837 2947 1016 3008 conditorem
1041 2953 1195 3028 cognitum

139 3070 205 3121 ease
221 3047 280 3109 vid.
299 3064 386 3120 snpra
401 3044 537 3130 Prolegg.
556 3065 617 3122 cap.
638 3051 665 3105 1.
688 3044 716 3119 ἱ.
729 3049 758 3106 2.
775 3049 824 3106 lit.
838 3043 898 3128 y.);
920 3051 988 3106 nolo
1013 3049 1048 3127 de
1066 3052 1192 3125 scripto·

137 3153 180 3210 ris
194 3151 311 3208 nomine
327 3146 512 3208 contendere.
554 3143 620 3203 Hoc
635 3154 767 3221 tuntum,
789 3149 922 3209 omnibus
939 3168 1013 3226 quae
1030 3148 1065 3206 de
1081 3154 1193 3228 episto-

139 3253 186 3309 lae
200 3259 319 3310 auctore
342 3247 488 3326 disputata
511 3255 591 3319 sunt,
611 3258 747 3306 accurate
772 3250 988 3325 circumspectis
1005 3253 1192 3329 cogitateque

138 3352 287 3430 expensis,
308 3357 419 3407 certum
434 3364 499 3406 esse
523 3345 649 3420 videtur,
670 3346 795 3409 Paulum
820 3368 881 3408 non
898 3369 963 3408 esse
980 3370 1024 3427 ep.
1041 3363 1191 3410 auctorem

136 3451 311 3521 habendum,
331 3447 383 3506 sed
400 3451 471 3517 cana}
481 3448 632 3523 scripsisse
650 3446 841 3509 christianum
854 3450 1096 3531 Alenmdrinnm,
1117 3473 1191 3532 gen-

137 3564 168 3612 te
184 3551 322 3614 Iudaeum
338 3543 411 3630 (vid.
427 3546 625 3609 Eichdorar'ue
640 3549 662 3605 1.
678 3551 699 3607 l.
715 3567 743 3625 p.
759 3550 883 3628 4511q.
903 3548 1037 3629 dtsnpre
1052 3547 1189 3635 Prolegg.

138 3675 163 3713 c.
183 3655 209 3714 1.
229 3648 256 3723 ᾖ.
273 3652 303 3708 4.
329 3667 359 3705 ιι.
379 3648 406 3706 2.
425 3649 467 3706 iit.
484 3645 518 3728 β)
535 3643 650 3729 notata)
666 3647 750 3707 Pauli
766 3649 947 3728 discipulum,
969 3671 1098 3729 quocum
1111 3655 1189 3731 qnod

137 3758 202 3833 ipsa
226 3750 374 3810 doctrinae
400 3744 578 3809 christianae
603 3751 697 3826 capita
716 3752 822 3811 attinet
845 3745 970 3828 (luae'in
993 3751 1046 3810 hac
1063 3756 1187 3830 epistola

138 3851 379 3933 reipertructarit
396 3851 443 3907 rel
459 3850 570 3932 attigit,
584 3852 703 3910 omnmo
720 3854 867 3915 consentit
881 3852 1140 3918 vitnarttotdtae
1156 3875 1183 3935 p.

138 3955 229 4018 2909.
251 3948 441 4031 Seyffertluta
456 3968 483 4028 p.
504 3951 564 4011 120
582 3970 623 4031 sq.

546 4207 779 4224 W
