2604 4746
374 289 535 371 cucur
560 290 632 370 IX.
667 314 705 368 v.
736 298 768 366 1.
794 296 829 366 2.
1064 298 1136 368 281
1159 404 1162 415 Ι
1220 342 1223 347 -

105 459 244 545 pertineat,
267 479 333 526 non
350 459 438 547 quod
459 457 501 526 ad
518 480 630 524 omnes
653 458 765 526 mundi
786 453 922 536 incolas,
944 468 977 521 et
999 476 1038 521 ea
1056 479 1139 544 quae

107 556 132 619 de
144 558 321 624 celebritate
336 582 375 626 ac
387 561 646 648 frequentatione
660 557 726 622 loci
743 560 847 622 sancti
863 559 1019 640 dicantur,
1043 571 1075 622 et
1089 558 1139 622 lo·

106 660 135 722 cis
152 659 293 724 Philonis
313 673 410 751 atque
428 660 563 746 Iosephi
586 660 836 742 confirmentur,¹
860 671 1007 744 spectare
1030 662 1139 744 potius

105 759 129 821 ad
139 759 294 846 templum,
317 783 412 848 quam
426 760 467 825 ad
478 759 719 826 tabernaculum
736 764 844 826 statim
859 755 979 824 diserte
993 759 1139 845 appella-

104 872 154 924 tum.
194 864 227 946 2)
253 862 406 941 Gratiae,
435 853 647 944 Ψοίνιτκέκο,
676 860 795 949 quibus
818 859 1034 944 adstipulatur
1054 861 1139 924 Bo'lc·

102 970 157 1026 κίκι
170 964 224 1049 qui
237 962 334 1025 vertit
348 964 546 1042 mundanum,
569 966 628 1029 dae
643 966 836 1045 τιτῖιιικιιζτ,
853 961 1017 1046 κοσμικὰς
1032 956 1139 1046 expli·
1160 1035 1164 1045 Ι

101 1073 163 1127 ant:
183 1065 294 1128 manda·
303 1063 327 1124 i.
343 1085 372 1126 e.
386 1069 531 1128 κκίοτννι·
539 1063 690 1142 referens
700 1070 878 1144 imaginem.
921 1061 1016 1126 Hanc
1029 1060 1138 1146 expli-

99 1163 235 1228 rationem
248 1162 397 1228 aeturus
412 1175 523 1227 censet
536 1166 737 1249 aptissimam
750 1184 824 1226 esse
838 1163 914 1227 huic
926 1160 1010 1243 loco,
1033 1165 1088 1250 qui
1104 1164 1139 1224 in

96 1259 248 1326 laudandis
262 1273 295 1328 et
309 1262 520 1345 extollendis,
542 1284 607 1330 nou
621 1267 654 1327 in
669 1263 893 1348 vituperandis
910 1275 942 1326 et
961 1275 1140 1327 extenuan-

95 1363 129 1424 lis
140 1349 237 1427 rebus
248 1365 350 1428 sacris
358 1365 498 1430 Iudaicis
512 1373 669 1445 versetur,
685 1376 717 1429 et
732 1377 979 1430 consentaneam
993 1365 1138 1448 opinioni

95 1464 293 1548 superstitiosi
303 1464 437 1550 populi,
457 1486 521 1552 qua
538 1463 578 1530 τό
589 1460 704 1551 ἅγιον,
723 1467 810 1553 quod
827 1466 933 1550 primo
948 1463 1148 1527 tabernacu-¹

95 1562 152 1645 lum,
173 1565 291 1629 deinde
305 1565 461 1650 templum
475 1577 573 1644 esset,
593 1579 625 1630 et
640 1568 827 1634 universum
850 1576 883 1627 et
906 1563 1043 1650 singulis
1069 1568 1137 1628 suis

95 1665 219 1747 partibus
233 1664 431 1730 adumbratio
446 1665 602 1753 quaedam
614 1670 713 1731 totius
727 1665 838 1730 mundi
853 1686 927 1728 esse
940 1664 1136 1746 crederetur,

95 1787 190 1852 tempe
215 1768 345 1848 adytum
366 1765 466 1847 coeli,
494 1787 577 1854 quae
596 1765 662 1831 Dei
681 1766 797 1846 sedes,
826 1778 933 1828 terrae
953 1765 1136 1852 reliquique

95 1869 182 1931 nundi
198 1868 364 1930 inferioris
380 1879 508 1932 caetera
525 1867 709 1930 sanctuarii.
731 1889 764 1930 ν.
778 1865 908 1950 Ioseph.
922 1865 998 1930 Ant.
1012 1873 1043 1948 3,
1058 1872 1089 1930 6.
1103 1877 1136 1931 4.

95 1967 166 2031 Philo
179 1968 220 2031 de
235 1966 279 2032 V.
294 1965 400 2031 Masis
419 1966 459 2033 Τ.
474 1973 503 2032 3.
521 1987 555 2051 p.
572 1973 643 2033 148.
660 1978 692 2030 et
714 1968 909 2032 Wetstem'ae
925 1967 966 2029 ad
980 1966 1013 2030 h.
1025 1965 1050 2031 l.
1069 1967 1136 2031 Sed
1207 2016 1232 2053 s

98 2090 138 2130 arn
150 2068 311 2134 dliclcelt'
322 2066 362 2133 ad
375 2069 535 2133 Petreium
547 2069 644 2130 nimis
659 2069 739 2131 dura
753 2069 825 2131 visa
840 2080 890 2130 est
904 2066 1032 2151 phrasis
1046 2089 1136 2134 ικκκ-
1254 2096 1259 2106 ·

95 2169 159 2234 luca
172 2189 296 2232 vocans
309 2190 349 2232 ea
364 2191 449 2256 quae
470 2174 568 2237 totius
593 2172 702 2235 κοινάν·
712 2177 817 2250 imago
835 2171 914 2240 sint3
940 2180 978 2231 et·
991 2168 1136 2236 insolens

95 2268 222 2333 tathaee
236 2290 308 2332 voc.
324 2290 419 2354 κοσμ.
438 2267 643 2355 significatio.
688 2271 721 2356 3)
744 2268 961 2352 ricuberga.-
972 2272 1136 2354 κοσμικόν
1170 2281 1172 2286 ’
1256 2298 1258 2307 ’

95 2372 187 2434 rectit:
214 2379 379 2451 croatam,
406 2375 551 2458 pulcrum
572 2391 687 2454 nempe
710 2374 929 2436 instrumentis
944 2371 993 2434 -ad
1016 2372 1135 2438 cultum

95 2467 273 2534 tabernaculi
291 2471 521 2554 spectantibus.
564 2468 658 2534 Haec
675 2489 753 2534 vero
770 2470 920 2536 vocabuli
938 2471 1135 2557 significatio

95 2591 146 2633 cam
159 2592 222 2634 usu
241 2569 395 2655 loquendi
413 2571 580 2635 conciliari
600 2574 721 2657 nequit.
764 2573 798 2658 4)
821 2572 1079 2658 simplicissima,
1102 2589 1135 2641 et

95 2672 244 2735 deiudice
261 2658 442 2751 verissime,
461 2669 610 2757 plurimis
632 2675 729 2736 etiam
748 2673 976 2758 interpretibus
997 2676 1136 2759 probata

95 2770 296 2855 bterpretatio
319 2770 400 2835 haec
420 2785 485 2836 ests
513 2767 611 2854 ἅγίον
631 2772 794 2865 κοσμικόν
812 2774 899 2837 idem
929 2774 1018 2838 valet
1049 2778 1135 2862 quod
1161 2820 1164 2826 -

95 2869 237 2954 ἐπίγειον,
255 2869 504 2959 χειροποίητον,
526 2872 648 2953 ταύτης
663 2879 723 2951 της
738 2872 875 2949 κτίσεως
890 2896 921 2938 ν.
942 2883 992 2939 ll.
1011 2881 1062 2940 cui
1077 2900 1134 2962 op-

95 2974 205 3054 ponitur
218 2972 325 3053 σκηνή
342 2973 510 3053 ἀληθινή,
529 2969 630 3058 ἅγιον
642 2974 821 3054 ἀληθινόν,
843 2971 1042 3059 ἐπουράνιον
1058 2984 1088 3056 8,
1104 2985 1134 3041 2.
1245 2969 1247 2973 ’

95 3076 115 3136 5.
130 3079 159 3152 9,
176 3081 228 3140 23.
242 3081 292 3138 24.
316 3075 481 3140 commode
496 3087 602 3142 autem
619 3078 754 3162 scriptor
767 3076 828 3139 hoc
839 3077 1002 3162 epitheton
1014 3077 1134 3142 addere

95 3186 275 3262 poteratque
287 3196 341 3239 res
354 3176 547 3240 Iudaeorum
568 3198 679 3241 sacrae
699 3199 764 3240 non
781 3190 892 3262 aperte
913 3171 1135 3262 vituperaren—
1218 3237 1222 3247 .

95 3283 138 3356 lur,
159 3296 255 3362 quum
270 3273 383 3339 Iudaei
400 3277 463 3362 ipsi
478 3277 719 3342 tabernaculum
740 3288 901 3355 terrestre·
914 3279 1135 3344 adumbratio·
1205 3312 1207 3317 ·

95 3393 150 3439 rem
165 3374 316 3440 coelestis
337 3378 539 3444 tabernaculi
557 3378 659 3443 fuisse
679 3390 854 3442 statuerent
874 3401 905 3442 r.
929 3384 959 3460 8,
983 3387 1013 3447 5.
1039 3394 1071 3445 et
1094 3383 1134 3446 de

95 3474 233 3540 bdustria
245 3477 407 3542 vocabulo
421 3481 584 3564 κοσμικόν
597 3490 766 3561 terrestre,
788 3502 867 3546 usus
885 3493 945 3563 est,
968 3505 1039 3548 cum
1057 3483 1136 3547 ube-

95 3575 144 3639 rius
157 3578 327 3644 ostendere
339 3579 439 3645 vellet
452 3583 497 3667 (ν.
510 3589 530 3647 8
544 3583 601 3665 ss.)
617 3582 839 3668 imperfectam
852 3606 926 3648 esse
942 3583 1133 3670 religionem

95 3673 249 3752 ludaicam.
339 3722 340 3725 =

157 3785 189 3842 2.
209 3776 317 3860 σκηνή
344 3781 411 3868 γοὶρ
444 3780 706 3870 κατεσκεμοὶσθη
734 3780 903 3872 η’τιρώτη]
932 3787 1134 3850 exstructam
1210 3840 1214 3849 .

95 3885 157 3943 κίκι
168 3880 246 3957 fuit
258 3881 498 3951 tabernaculam
512 3893 679 3951 arteriae:
703 3883 959 3963 κατεσκευάσθη
979 3884 1044 3946 vid.
1065 3897 1133 3950 not.

95 3978 118 4042 td
130 3987 161 4060 3,
175 3985 205 4045 3.
228 3980 335 4060 σκηνή
351 3980 464 4070 πρώτη
480 3988 622 4050 anterior
636 4009 713 4072 pars
728 3983 936 4050 tabernaculi.
980 3984 1135 4070 Sanctua-

95 4080 157 4144 ium
169 4079 327 4146 Mosisut
343 4086 498 4171 templum
516 4088 698 4152 Salomonis
716 4101 748 4152 et
764 4082 985 4165 Sorobabelis,
1010 4086 1135 4152 duobus
1192 4131 1193 4134 =
1260 4111 1279 4124 ⁸

95 4179 262 4250 deductum
276 4199 345 4253 erat
359 4187 589 4272 tabernaculis,
612 4190 687 4256 velo
703 4189 842 4278 undique
868 4210 1012 4275 oppanso
1029 4192 1136 4256 seiuu-
1157 4209 1160 4214 ·
1270 4202 1273 4206 ’
