2604 4746
232 238 234 242 Ι
339 224 831 368 darnrlX.v.10..
1007 298 1083 371 303

95 457 118 545 ι).
136 457 208 523 add.
227 454 273 521 ib.
296 463 325 538 1,
348 463 377 523 1.
400 465 432 524 9.
470 454 583 521 Verba
605 455 702 521 huius
723 477 755 521 v.
775 464 848 520 eum
868 457 1084 540 praecedente

95 566 183 640 ιαἰιι,
206 558 277 643 (qui
290 556 372 644 legit
385 557 614 642 ἐπικειμένοις)
627 560 785 638 Peircint,
808 555 866 621 ulii
879 558 926 621 ita
947 563 1082 624 coniun-

95 674 117 727 t:
137 681 218 749 qnae
230 659 397 750 sacrificia
409 669 639 746 conpeteret!
649 658 822 745 perfectos
833 661 982 739 reddere,
998 665 1084 748 qaod

95 767 305 828 :vendentium
320 766 459 840 attinet,
481 763 620 824 calentes
640 757 773 843 (Deum)
796 756 874 823 cabis
892 764 991 826 solam
1012 763 1082 847 (ἐπὶ

99 863 145 948 ἐν)
162 872 196 927 et
204 859 398 946 patiemim,
420 871 455 926 et
468 865 570 924 carde
585 859 796 925 ablutionibus
812 868 872 925 eto·
916 857 1009 937 Quae
1030 877 1082 928 ta·

95 1021 96 1024 ,
109 961 304 1026 constructio
319 972 432 1024 coacta
445 971 506 1040 est,
529 971 562 1023 et
578 962 757 1024 orationem
771 958 942 1051 obscuram
963 962 1081 1045 reddit,

95 1077 193 1128 tterea
208 1057 381 1146 λατρεύειν
400 1059 561 1146 signifieat
580 1060 748 1140 sacrificia
765 1063 953 1125 nominatim
967 1071 1083 1148 μισαν-

95 1164 260 1249 sufferre,
283 1173 316 1226 at
336 1160 532 1246 ἐπικείμενα
551 1161 667 1226 referri
690 1161 788 1227 debet
807 1161 849 1225 ad
869 1161 972 1227 verba
993 1165 1084 1249 δῶρα
1196 1226 1201 1249 ,

97 1260 314 1329 deciment).
331 1260 504 1347 dequibus
523 1264 729 1347 potissimam
751 1283 859 1326 sermo
878 1276 939 1328 est.
981 1263 1083 1329 Prae-

95 1369 216 1430 tiouem
231 1363 289 1428 ini
303 1361 526 1428 annectitur
540 1361 608 1443 alii,
622 1375 766 1429 vertimtz
787 1370 838 1430 ita
849 1374 887 1430 at
903 1370 1083 1432 amatam
1175 1376 1176 1385 ’

95 1469 228 1531 ›uviviis
241 1462 441 1542 solennibus,
460 1475 496 1526 ut
509 1463 565 1529 ἐπὶ
578 1463 795 1529 conditionem
807 1463 937 1546 indicet,
960 1463 1028 1546 alii,
1046 1467 1082 1531 in
1199 1455 1210 1463 ⁴

95 1567 281 1633 Sekalziar:
307 1572 438 1630 ratione
458 1564 569 1632 habita
593 1564 740 1629 ciborum
762 1576 823 1630 eto.
848 1563 907 1629 alii
929 1575 1081 1651 praeter.

95 1670 153 1731 :ius
172 1666 321 1752 plerique
340 1656 535 1749 interpretes
556 1676 760 1731 convertunt:
789 1687 869 1746 σιιιιι,
888 1665 994 1746 aedat,
1016 1687 1082 1753 quo

95 1769 204 1833 illdata
220 1764 324 1829 Hebr.
339 1763 497 1850 particula
517 1755 558 1830 ⁷29
577 1777 609 1828 et
629 1767 664 1829 iu
683 1767 836 1857 versione
857 1765 1083 1835 Alexandrina
1095 1836 1109 1855 ,Ι

95 1871 209 1956 iegitur
222 1867 287 1930 Ex.
304 1871 357 1945 32,
372 1865 517 1958 11112.)
532 1861 666 1948 μήποτε
680 1866 796 1933 ἐλθών
808 1866 944 1956 πατάξῃ
958 1892 1012 1954 με,
1024 1866 1109 1933 καὶυ

95 1970 152 2054 ἐρα
165 1967 219 2032 ἐπὶ
234 1968 371 2045 τέκνοις.
393 1965 478 2031 Hos·
496 1975 547 2048 10,
567 1964 617 2034 14.
638 1966 768 2054 μητέρα
785 1967 840 2033 ἐπὶ
860 1969 989 2046 τέκνοις
1003 1968 1085 2037 ἐδά-

95 2092 142 2136 ιιν.
184 2068 223 2133 In
244 2067 449 2152 exponendis
466 2066 577 2132 verbis
598 2066 753 2154 βρώμασι
773 2069 833 2132 καὶ
852 2066 981 2154 πόμασι
1002 2069 1083 2136 erbis
1190 2141 1195 2149 ,

95 2169 258 2250 misadai,
278 2171 475 2253 interpretes
488 2159 635 2232 'variant'
668 2169 719 2259 Ao
730 2167 842 2254 plures
854 2170 983 2254 quidem
995 2169 1083 2256 βρώ-
1121 2182 1123 2187 “

95 2271 359 2356 nexpliouerant
380 2270 421 2334 de
442 2266 638 2333 abstinentia
655 2269 800 2334 ciborum
816 2272 999 2352 vetitorum,
1020 2269 1082 2338 ad-

95 2373 171 2438 eda
184 2375 253 2437 vini
268 2373 416 2460 aliusque
440 2382 535 2455 potus
555 2370 747 2438 inebriantis
766 2393 839 2451 asu,
861 2370 1032 2449 Nasiraeis
1048 2396 1081 2439 v.

95 2500 114 2541 ι.
129 2482 164 2541 6.
177 2488 209 2539 et
222 2473 448 2540 sacerdotibus
466 2474 696 2552 sanctuarium,
717 2484 753 2535 ut
767 2494 900 2537 munere
923 2495 982 2540 suo
1006 2475 1082 2539 fun-⁴

95 2589 184 2657 ¹ntur,
204 2576 401 2661 ingressuris
416 2574 498 2639 Lev.
513 2578 565 2655 10,
579 2578 611 2638 9.
634 2566 818 2639 interdicto.¹
861 2571 983 2638 Contra
1001 2596 1082 2640 vero

94 2689 212 2743 uerunt
227 2679 373 2743 Peircint
389 2687 421 2740 et
433 2673 608 2741 Michaelis
619 2672 655 2743 in
665 2693 753 2738 vers.
767 2695 897 2739 vernae.
917 2674 1082 2739 abstinen-
1109 2683 1112 2699 “

95 2833 98 2844 ,
121 2778 269 2843 ciborum
289 2778 462 2841 vetitorum
481 2795 583 2860 puros
607 2775 737 2861 quidem
762 2795 909 2841 ιινιαιιι
930 2773 1081 2856 Iudaeos,
1131 2766 1133 2770 ’

95 2878 304 2958 nonfacirse,
328 2890 360 2941 et
379 2899 425 2942 ex
439 2875 550 2941 verbis
564 2876 597 2939 r.
614 2881 646 2941 9.
675 2876 848 2942 τελειῶσαι
862 2874 953 2940 κατὰ
972 2875 1083 2942 aceti-

95 3004 136 3064 ν,
163 2981 332 3045 evidenter
353 3000 530 3065 apparere,
559 2997 741 3040 sermonem
765 2998 840 3040 esse
863 2976 895 3039 h.
917 2973 941 3040 l.
965 2977 1005 3041 de
1029 2999 1080 3056 eo,

101 3084 176 3170 quis
193 3079 335 3166 legalem
347 3092 516 3144 externam
531 3079 740 3142 sanctitatem.
751 3086 977 3163 consequatur,
992 3099 1081 3143 com·

95 3183 191 3246 torari
211 3184 309 3245 etium
330 3179 615 3261 lotiones'varias,
638 3179 754 3266 quibus
776 3179 982 3261 contaminati
1004 3201 1082 3262 pur·
1143 3226 1146 3230 -

95 3284 118 3347 li
133 3295 254 3346 essent.
277 3280 386 3359 Quare
402 3280 470 3361 alii,
489 3281 525 3344 in
541 3279 592 3345 his
606 3280 790 3360 Michaelis,
806 3277 964 3360 sturm,
979 3281 1082 3348 Heia·

95 3392 156 3450 ιιίιι
168 3406 229 3470 per
247 3382 415 3468 βρώματα
431 3381 497 3445 ’καὶ
519 3379 655 3466 πόματα
675 3380 908 3445 intellexerunt
932 3386 1084 3449 convivia

95 3489 185 3566 unia,
200 3506 304 3565 sacra,
326 3485 533 3570 quaaiunctu
547 3506 620 3548 esse
636 3481 783 3547 solebant
795 3480 977 3569 sacrifieiis,
1000 3506 1083 3571 quae
1170 3499 1173 3505 '

95 3586 202 3652 tultum
216 3584 281 3650 Dei
297 3581 513 3670 pertinebant,
534 3600 567 3651 et
581 3583 743 3650 faciebant
755 3583 797 3648 ad
815 3586 1019 3650 sanctitatem
1033 3583 1084 3649 le-

95 3711 130 3752 m
147 3686 380 3753 conciliandam
401 3704 434 3748 v.
457 3691 474 3750 1
498 3684 575 3751 Cor.
596 3693 647 3766 10,
674 3690 721 3749 18.
745 3681 856 3771 ibique
889 3687 1029 3771 interpp.
1049 3707 1083 3751 v.

95 3788 194 3854 laclia
214 3787 301 3854 Mor.
325 3784 432 3852 Βοιαὶ
458 3786 513 3852 Te.
527 3793 558 3850 2.
581 3789 611 3864 δ.
627 3791 698 3851 143.
730 3785 786 3851 Ta.
805 3794 838 3851 4.
861 3789 891 3864 §.
913 3792 985 3851 189.
1009 3789 1082 3852 190.

95 3885 292 3954 midioen
304 3884 521 3970 Arcbdologte
547 3886 602 3951 ΤΙι.
618 3890 648 3951 3.
669 3889 699 3964 ἐ.
713 3892 765 3952 95.
776 3884 778 3889 ’
788 3890 818 3965 §.
834 3893 887 3953 98.
907 3887 1033 3977 Ρ.’385.
1051 3889 1083 3964 ἐ.

95 4008 145 4072 .p.
156 3991 229 4053 396.
251 3987 383 4054 Scilicet
395 3989 429 4050 in
445 3985 614 4051 sacrificiis
633 3987 858 4053 eucharisticis
871 4009 904 4053 v.
917 3985 1014 4079 Num.
1031 3993 1082 4069 18,

99 4088 144 4149 18ι
163 4099 268 4155 certae
279 4091 483 4153 victimarum
501 4098 611 4171 partes
629 4089 665 4152 ia
685 4088 781 4154 altari
802 4087 1082 4169 comburebantur,

95 4201 226 4275 spartes
245 4189 399 4259 smerdes
419 4187 612 4279 accipiebat,
633 4189 780 4282 reliquae
800 4188 1006 4262 tradebantur·
1029 4192 1098 4259 ια’
