2632 4740
127 313 203 385 216
378 298 537 377 Cruor
564 297 688 403 VIII.
722 320 760 373 v.
788 307 845 376 11.
875 309 934 379 12.

113 460 168 560 Ιμε
183 470 292 537 Sohar
303 465 464 534 Madosclc
476 464 534 531 fol.
549 469 604 544 42,
620 471 651 530 3.
684 463 793 532 datos
813 462 959 561 Moerico
983 468 1161 534 renouabitur
1181 418 1182 425 l

127 582 247 640 notitia
269 581 303 637 ic
324 572 454 650 mundo,
482 578 516 632 et
537 569 595 630 Iex
614 565 832 633 tuostrabeur
853 573 943 659 apud
960 590 1067 634 omncs
1084 572 1129 655 qt.
1144 571 1164 634 1.

19 697 21 701 ·
128 676 192 740 Ier.
218 680 270 753 31,
288 677 340 736 33.
371 677 518 756 precatam
537 679 845 748 emneccognorcent
868 682 930 735 etc.
952 669 1030 734 Idra
1049 669 1167 746 rabbat.

130 783 190 841 182
205 797 253 861 sq.
280 770 437 836 Surrexit
450 770 493 833 R.
505 767 583 832 Ioee
594 776 628 831 et
645 769 753 832 dicit:
774 775 808 837 to
822 770 933 836 diebus
947 778 1036 854 regis
1048 770 1168 836 Meroe

2 911 6 918 ·
128 878 283 942 condicti
300 875 388 939 alter
402 873 447 936 ad
460 873 616 934 alterum:
639 869 718 933 doce
730 887 778 931 cre
795 878 988 955 sapientiam
1003 871 1095 949 hanc,
1115 878 1170 957 quia

129 985 176 1043 ric
197 981 350 1058 cereptum
374 981 425 1037 ert
448 969 511 1033 Ier.
530 974 582 1049 31,
598 973 649 1032 33.
671 990 734 1034 nou
757 970 881 1035 docebit
905 975 1042 1057 amplius
1060 980 1110 1038 οἱα
1128 985 1171 1035 etc.

131 1076 236 1141 Sohar
249 1073 356 1138 Levit.
372 1069 430 1134 fol.
446 1077 499 1134 24.
522 1066 584 1132 οοΙ.
599 1074 651 1134 95.
680 1092 744 1136 oon
765 1077 829 1135 en't
848 1080 971 1158 tempus
992 1073 1064 1137 kuic
1083 1076 1173 1151 sinric,

129 1177 284 1262 usquead
294 1186 426 1256 tempor,
450 1169 668 1256 prolicietur
686 1176 804 1248 οοαίοι,
827 1181 862 1236 et
885 1182 961 1238 tuuc
974 1179 1113 1256 cognitio
1125 1172 1176 1238 liei

129 1277 242 1362 ubique
269 1273 361 1338 obvia
387 1278 452 1336 err't
481 1278 515 1334 αό
534 1273 647 1336 mrcndo
669 1272 721 1356 qd.
745 1274 777 1336 d.
805 1269 870 1335 Ier.
891 1276 945 1352 31,
966 1279 1020 1338 33.
1052 1282 1176 1360 pronun

65 1367 68 1372 ¹
130 1400 235 1442 omucr
248 1381 439 1456 cognoscent
452 1390 500 1432 me
522 1382 582 1434 etc.
604 1372 714 1460 γοῶθι
733 1369 939 1437 referendum
955 1373 997 1436 ad
1012 1372 1176 1453 uolitaret

131 1473 301 1560 ἀδελφὸν,
327 1474 361 1534 iu
379 1469 543 1534 Hebraico
565 1483 658 1535 textu
681 1470 801 1555 legitur
820 1482 875 1563 nt]
897 1473 957 1535 sed
979 1472 1176 1539 Alexandrini

129 1575 243 1639 Iudaei
256 1593 391 1636 numero
409 1569 565 1656 singulari
578 1571 631 1634 usi
648 1582 732 1650 suut,
753 1571 838 1657 quod
852 1571 910 1635 illa
926 1576 1061 1638 uomina
1072 1577 1106 1639 in
1124 1576 1176 1638 sin·

129 1676 237 1762 gulari
260 1673 405 1743 adhibita
432 1684 560 1754 essent,
594 1683 630 1734 ut
656 1682 745 1734 recte
773 1685 968 1737 monuerunt
998 1673 1074 1739 Olor.
1101 1674 1176 1742 Fre.

133 1776 312 1843 scrutatur
337 1786 370 1840 et
391 1772 592 1849 Diodorficc
613 1772 654 1834 od
675 1769 707 1833 h.
722 1767 746 1834 l.
766 1768 834 1837 αόιὸ
858 1775 981 1859 μικροῦ
1005 1771 1114 1841 αὐτῶν
1132 1771 1177 1848 ἕως

129 1873 279 1962 μεγάλου
294 1874 420 1959 αὐτῶν]
434 1896 456 1938 a
468 1880 592 1938 minimo
606 1893 713 1938 eorum
729 1875 774 1938 ad
795 1881 979 1956 maximum,
1002 1874 1117 1960 &unge
1129 1875 1177 1940 cod

11 1975 16 1988 “
130 1976 210 2060 ulte)
224 1975 265 2038 acl
277 1995 375 2037 uuum
391 1994 502 2037 omncs
518 1995 549 2036 v.
564 1974 739 2056 Berglcrur
754 1972 795 2038 ad
809 1971 955 2058 Aloiphr.
970 1998 1047 2059 epp.
1066 1983 1098 2057 2,
1111 1985 1140 2040 4.
1152 1997 1176 2059 p.

110 2132 113 2139 .
131 2081 205 2141 260.
222 2073 453 2160 Significantur
468 2074 528 2138 hac
542 2071 681 2150 formula
701 2080 804 2156 porci
821 2085 853 2135 ct
867 2077 976 2140 adulti
996 2087 1031 2138 ut
1046 2075 1126 2140 Gen.
1140 2081 1177 2153 19,
1191 2114 1194 2121 ·

132 2184 183 2241 11.
206 2173 280 2239 coll.
293 2195 326 2237 v.
342 2184 375 2240 4.
399 2183 414 2240 1
433 2175 522 2239 Sam.
536 2178 566 2255 5,
582 2182 612 2239 9.
634 2174 701 2236 vid.
723 2192 806 2259 quae
827 2172 910 2237 hanc
931 2179 974 2240 in'
989 2198 1061 2252 rem
1084 2177 1177 2240 obse'r·

129 2279 277 2340 vovimus
294 2275 335 2338 ad
353 2276 424 2340 Act.
441 2281 471 2356 8,
489 2280 539 2338 10.
562 2274 600 2339 lu
615 2273 779 2339 Hebraico
796 2284 889 2336 textu
904 2274 1198 2367 Ιοο.31,34.ο1111’.,Ι

128 2377 271 2442 additum
284 2374 405 2460 legitur
418 2377 498 2465 ripn?
517 2384 579 2470 nti?
599 2372 703 2438 LXX
715 2375 800 2461 φησὶ
814 2372 936 2460 κύριος.
1177 2350 1189 2387 ⁴

215 2484 266 2540 12.
285 2477 380 2540 Ratio
396 2469 576 2553 subiicitur,
603 2495 659 2536 cur
677 2472 818 2538 futurum
835 2477 887 2556 sit,
910 2487 945 2538 ut
959 2497 1075 2541 omnes
1090 2477 1177 2542 Deum

99 2568 101 2573 ⁴
130 2575 247 2657 colant,
268 2581 344 2664 quia
361 2578 511 2639 nimirum
527 2576 677 2640 Christus
695 2586 798 2638 morte
820 2597 880 2640 sua
893 2575 1025 2662 plenam
1047 2591 1177 2664 peccato·

127 2700 200 2742 rum
220 2676 348 2767 veniam
373 2688 405 2739 et
427 2698 517 2761 spem
536 2675 702 2739 felicitatis
716 2667 870 2760 pe'reunis
889 2681 1028 2761 paravit.
1046 2681 1112 2743 vid.
1126 2690 1176 2742 not.

129 2800 230 2863 supra
257 2777 298 2840 ad
320 2797 353 2840 v.
374 2782 406 2841 6.
424 2783 456 2841 7.
485 2769 602 2860 ἵλεως,
632 2776 738 2840 Attice
763 2766 822 2860 pro
849 2771 948 2854 ἵλαος
967 2780 1084 2846 hilaris
1102 2779 1176 2844 Plato

127 2879 294 2944 Phaedon.
312 2882 365 2942 66.
386 2871 482 2961 μάλα
501 2870 598 2953 ἵλεως
621 2880 786 2943 admodum
809 2878 934 2943 hilaris.
957 2879 1032 2944 Ael.
1048 2879 1092 2944 Η.
1107 2880 1176 2958 Ἡ,

129 2986 181 3043 10.
203 2973 301 3065 ἵλεως
323 2978 369 3068 τῷ
388 2975 564 3065 προσώπῳ.
589 2977 662 3041 add.
683 2975 783 3062 Soph.
805 2978 959 3044 Trachin.
973 2985 1059 3046 763.
1076 2980 1175 3043 Athen.

129 3086 160 3159 8,
187 3074 237 3144 16.
259 3103 298 3164 p.
314 3083 388 3143 263.
411 3081 582 3162 placidus,
607 3087 788 3164 propitior,
815 3100 867 3163 ap.
882 3079 956 3144 Ael.
972 3080 1018 3145 H.
1038 3079 1083 3145 V.
1109 3090 1136 3162 9,
1153 3084 1174 3142 t.

126 3171 222 3255 ἵλεως
239 3179 302 3257 τήν
321 3176 475 3244 διάνοιαν
486 3186 589 3246 animo
600 3183 744 3266 placido.
767 3178 856 3243 Xon.
873 3179 947 3263 Cyr.
965 3189 997 3262 1,
1014 3187 1046 3246 6.
1063 3189 1093 3247 3.
1112 3179 1174 3246 θεοὶ

126 3269 206 3344 ἵλεω
221 3279 278 3342 καὶ
301 3276 449 3365 εὐμενεῖς
466 3287 618 3366 propitii.
648 3279 886 3367 Hosiod.''Epy.
899 3287 972 3346 340.
992 3277 1092 3349 ἵλαον
1111 3305 1173 3371 xpc*

127 3375 205 3454 διήν
220 3378 281 3442 καὶ
292 3380 410 3466 θυμόν
424 3379 536 3467 ἔχουσι
550 3382 605 3446 dii.
626 3380 746 3446 Achill.
758 3378 831 3444 Tot.
845 3388 875 3464 5,
886 3387 938 3445 20.
959 3403 994 3467 p.
1007 3390 1080 3448 122.
1098 3377 1173 3455 ἵλεος

125 3477 245 3563 γένοιο.
266 3477 461 3546 Aristaenet.
478 3503 552 3567 epp.
569 3486 665 3562 2,13.
690 3474 793 3557 οὕτως
812 3475 912 3563 ἵλεος
932 3482 983 3558 εἴη
1001 3507 1063 3567 μοι
1078 3484 1173 3572 lippo·

125 3577 211 3658 δι’τη.
232 3578 402 3645 Himerius
417 3581 508 3644 Orat.
527 3586 580 3661 19,
594 3587 624 3646 3.
646 3578 806 3662 Victoria,
829 3583 918 3648 lovis
938 3582 1010 3648 filia
1027 3579 1122 3663 ἵλεως
1137 3584 1173 3660 εἴη

124 3687 170 3743 etr
189 3687 346 3765 propitt'o.
370 3682 501 3766 Ioseph.
520 3680 598 3745 Ant.
620 3684 651 3762 7,
677 3688 727 3748 11.
746 3689 778 3748 8.
800 3682 821 3751 6
843 3688 879 3753 δὲ
901 3678 981 3763 Ιἵλεω
1002 3686 1067 3772 μὲν
1080 3685 1173 3773 εὔχετο

122 3776 185 3844 τὸν
206 3778 298 3845 θεὸν
318 3780 408 3869 αὐτῷ
429 3782 604 3866 διαμένειν.
656 3782 694 3846 In
714 3804 803 3850 vers.
823 3770 924 3851 Aleri.
945 3787 1011 3853 hoc
1032 3784 1172 3853 vocabolo
1210 3832 1212 3851 ÷

122 3881 315 3963 exprimitur
329 3881 432 3947 Hebr.
446 3874 513 3950 2750
528 3881 625 3949 Num.
644 3888 695 3965 14,
710 3891 762 3952 20.
784 3889 849 3953 Ier.
864 3895 917 3969 31,
933 3895 988 3955 34.
1013 3895 1067 3971 36,
1087 3895 1118 3954 3.
1141 3885 1174 3951 Η.

119 3975 144 4042 l.
155 3979 313 4043 formulae
327 3974 421 4060 ἵλεως
435 3979 557 4068 ’ἔσομαι
570 3985 645 4059 ταῖς
659 3981 803 4065 ἀδικίαις
816 3989 939 4064 αὐτῶν,
952 4002 999 4072 et,
1006 3992 1073 4057 τῶν
1082 3989 1177 4078 ἆμαρ·

119 4079 198 4144 ταῶν
209 4077 319 4147 αὐτῶν
332 4083 372 4148 ori
387 4081 435 4169 μή
451 4084 599 4167 μνησθῶ
614 4081 665 4151 ἔτι
680 4086 746 4150 sibi
758 4091 898 4155 invicem
920 4094 1135 4178 respondent,
1155 4100 1180 4154 et

104 4179 257 4248 ‘cundem
272 4202 402 4254 sensum
423 4182 574 4251 efficiunt.
618 4183 711 4254 Deus
732 4191 883 4258 nimirum
906 4214 973 4263 οοο
995 4198 1184 4266 recordatur
