2604 4746
29 276 31 281 ’
88 290 90 297 ’
141 236 216 356 256
372 392 376 399 ἢ
422 276 606 381 {Carus
632 278 727 389 till.
766 304 803 357 v.
829 287 891 368 21.

96 478 100 495 ι
139 458 251 508 nostra
266 442 468 525 illustranda.
511 444 628 530 Agitur
644 448 730 511 enim
750 444 798 511 ibi
817 447 858 514 de
875 450 1118 515 consecratione
1130 447 1173 518 ha

138 548 235 610 nonis
244 546 379 632 eiusque
395 545 545 610 filiorum.
588 545 701 632 Itaque
718 545 791 627 alii,
814 570 877 635 quo
898 547 1076 636 probarent
1093 568 1173 636 pont

138 647 233 712 licem
248 649 390 734 quotidie
407 669 467 732 pro
482 650 549 711 suis
561 647 682 730 pariter
696 657 790 731 atque
806 649 920 734 populi
934 654 1079 737 peccatis
1100 658 1173 716 sacri

99 828 105 839 ¹
138 736 246 812 ficium
262 747 424 833 piaculare
440 746 608 845 obtulisse,
631 763 847 830 provocarunt
867 751 908 813 ed
920 750 1063 833 Levitl,
1079 759 1108 817 3.
1130 752 1173 816 Sa

91 906 94 911 .
136 848 351 913 locusLevit.
372 849 436 912 huc
457 870 521 912 non
544 840 693 932 pertinet.
736 847 891 914 Pontifex
912 854 1000 918 enim
1016 853 1063 916 ibi
1080 852 1173 937 legitur

139 952 216 1034 (non
233 949 388 1034 quotidie,
411 949 481 1035 sed)
499 950 751 1035 quotiescunque
772 970 817 1012 ex
830 949 995 1016 oblivione
1012 953 1173 1017 ‹at-inconsi-

54 1062 57 1072 '
137 1053 303 1115 der-atione
326 1062 511 1133 peccasset,
529 1051 700 1112 iuvencum
723 1035 891 1115 immolare
914 1052 1091 1123 debuisse:
1118 1050 1173 1116 Non

137 1153 307 1216 defuerunt
318 1153 416 1217 etiam
431 1153 486 1237 qui
499 1140 737 1232 contenderenh
759 1149 952 1215 sacrificium
966 1155 1044 1239 iuge
1057 1152 1088 1217 h.
1100 1151 1120 1217 l.
1137 1173 1173 1231 ¹0¹.

137 1255 231 1340 spici,
256 1252 341 1338 quod
363 1251 528 1315 constabat
553 1250 677 1316 duobus
701 1254 812 1350 agnis,
835 1273 970 1338 quornm
991 1253 1074 1317 alter
1091 1273 1173 1330 manc,

136 1353 261 1418 alter
234 1375 320 1416 cuca
332 1367 502 1436 vesperam
516 1366 588 1417 cum
601 1353 684 1416 ferto
700 1343 836 1432 similae,
859 1354 1003 1438 quotidie
1019 1352 1092 1418 Deo
1112 1352 1173 1417 ode·

133 1451 320 1520 rebaturi.
336 1451 432 1516 Num.
446 1458 498 1546 28,
515 1457 545 1515 3.
589 1453 714 1518 Verum
737 1457 901 1519 enimvero
919 1455 982 1529 hoc
1003 1452 1173 1518 sacrificium

133 1579 200 1620 non
217 1565 286 1618 erat
301 1551 492 1631 ἱλαστικὸν,
512 1551 570 1616 sed
584 1575 601 1616 e
616 1575 736 1638 genere
749 1544 977 1641 εὐχαριστικῷ,
999 1569 1105 1641 grates
1124 1551 1173 1616 sol-

134 1642 294 1721 rebantur
306 1655 368 1718 hoc
384 1653 542 1717 sacrificio
559 1652 644 1735 Deo,
666 1677 725 1739 pro
739 1654 908 1720 beneficiis
923 1656 1173 1745 quotidianispcae

133 1758 212 1877 pulo
234 1755 413 1820 Israelitico
438 1752 604 1818 exhibitis.
628 1755 722 1820 Philo
746 1756 786 1820 de
806 1758 993 1843 victimisp.
1015 1763 1085 1823 836.
1105 1747 1173 1819 καθ’

1 1868 8 1882 “
69 1883 72 1889 ’
132 1856 278 1937 ἑκάστην
288 1859 379 1942 μὲν
362 1844 422 1920 cdv
432 1841 556 1972 ημὲραν
571 1851 669 1921 δύο
645 1855 769 1940 αμνούς
780 1854 918 1944 accipent
933 1858 1115 1944 διείρηται,
1128 1848 1173 1918 τὸν

131 1957 231 2045 μέν’
216 1954 290 2043 α’,ιία
312 1955 353 2047 τῇ
377 1947 440 2044 ἕῳ,
460 1951 521 2020 τόν
545 1957 582 2022 δὲ
606 1953 761 2038 δείλης
737 1958 875 2045 ημέρας,
901 1955 1003 2044 ὑπὲρ
1027 1956 1173 2042 εὔχαρι·

131 2021 256 2135 octab
286 2052 499 2141 ἑκάτερον,
532 2057 591 2122 τόν
613 2060 674 2140 μὲν
694 2053 774 2143 ὑπὲρ
792 2061 856 2124 τῶν
875 2057 960 2143 μεθ’
973 2058 1108 2146 ἡμέραν,
1128 2051 1173 2120 cdv

66 2176 69 2188 '
132 2159 162 2230 δ’
177 2160 258 2246 ὑπὲρ
280 2157 344 2222 τῶν
365 2153 494 2241 νύκτωρ
515 2153 726 2240 εὐεργεσιῶν,
747 2157 790 2235 ὥς
812 2156 993 2234 ducturae
1011 2160 1072 2224 καὶ
1093 2156 1173 2235 ἀδια-

130 2259 261 2335 στάτως
281 2257 327 2347 τῷ
347 2256 436 2340 γένει
457 2255 521 2321 τῶν
539 2253 732 2342 ἀνθρώπων
755 2259 775 2326 ὁ
798 2260 881 2336 Θεὸς
900 2261 1049 2347 χορηγεῖ.
1092 2252 1169 2322 Cori·

53 2394 75 2428 ῳ
129 2365 227 2427 etiam
249 2357 435 2447 quachanc
447 2359 489 2420 *in
509 2378 578 2420 rem
601 2358 835 2441 disputavimus
859 2362 894 2423 in
911 2357 1169 2425 Commentario

127 2463 199 2528 Ioh.
215 2484 247 2545 p.
268 2465 324 2524 161
344 2480 414 2544 sqq.
430 2457 480 2521 ed.
498 2463 527 2521 3.
546 2457 587 2520 ad
599 2457 670 2522 Ioh.
686 2466 715 2539 1,
729 2467 781 2525 29.
810 2459 925 2546 Itaque
946 2463 982 2525 in
1007 2482 1115 2525 eorum
1131 2459 1169 2528 iu·

126 2573 304 2646 terpretum
316 2571 427 2642 partes
445 2557 577 2625 discedo
593 2561 647 2642 qui
660 2558 747 2622 καθ’
770 2558 899 2644 ἡμέραν
916 2547 1114 2664 populariter
1131 2555 1169 2617 di·

126 2675 211 2726 ctum
224 2681 297 2724 esse
311 2669 452 2739 censent,
467 2669 502 2720 ut
515 2657 617 2721 Marc.
635 2665 685 2737 14,
697 2666 750 2724 49
771 2659 843 2722 Act.
855 2665 905 2740 16,
919 2665 961 2740 5.,
985 2657 1079 2747 atque
1093 2653 1169 2720 intel·

70 2798 72 2802 ⁴
124 2762 256 2848 ligenda
270 2780 342 2823 esse
355 2759 557 2855 praecipiunt
573 2755 733 2831 sacrificia
748 2757 1001 2845 apontificepro
1017 2782 1053 2824 se
1068 2757 1166 2829 oblata,

39 2911 55 2928 -,
125 2865 376 2951 quotiescunque
402 2858 466 2922 sibi
488 2870 728 2943 peccatorum
722 2863 869 2923 conscius
893 2872 991 2942 esset,
1013 2873 1047 2924 et
1064 2849 1166 2924 sacrifi·

77 2976 80 2980 “
124 2967 209 3027 cium
226 2960 311 3047 quod
328 2981 387 3044 pro
402 2962 544 3046 peccatis
559 2962 627 3025 suis
642 2960 694 3022 die
713 2962 910 3045 expiationis
927 2959 1054 3026 solenni
1067 2961 1163 3025 offero·

122 3064 180 3128 hat
197 3086 228 3127 v.
244 3062 354 3124 Levlt.
364 3070 395 3141 4,
412 3068 443 3126 3.
467 3066 520 3149 16,
536 3067 586 3125 11.
601 3067 653 3124 24.
696 3057 783 3126 Dum
806 3073 913 3125 autem
931 3053 1163 3136 nostersacrifi·

123 3169 175 3230 cia
186 3161 373 3251 pontificum
385 3160 588 3224 Iudaicorrun
601 3181 661 3245 pro
675 3160 821 3244 ipsorum
836 3165 978 3246 peccatis
992 3161 1098 3227 oblata
1109 3175 1161 3222 cum

51 3287 66 3334 ¹,
121 3288 187 3328 nno
204 3264 324 3327 Christi
338 3260 497 3325 sacrificio
513 3261 658 3342 contulit,
681 3271 714 3323 et
728 3258 850 3326 Christi
871 3264 1072 3328 sanctitatem
1093 3277 1160 3326 som·

121 3386 217 3444 mam,
240 3376 271 3426 et
284 3362 435 3427 sacrificii
449 3364 551 3446 ipsius
566 3365 632 3426 vim
646 3374 742 3446 atquc
762 3363 993 3453 praestantiam
1013 3376 1084 3427 ante
1104 3375 1159 3439 ocu·

120 3462 171 3527 los
185 3485 366 3552 proponere
380 3462 493 3527 voluit.
518 3457 612 3529 ἰδίων
624 3462 710 3526 idem
724 3460 812 3526 valet
825 3462 910 3549 quod
925 3459 1048 3528 ἑαυτῶν
1064 3455 1157 3526 Math-

120 3573 172 3644 22,
190 3569 219 3628 5.
253 3561 360 3628 rcor.
375 3569 405 3644 7,
421 3572 452 3628 2.
481 3562 629 3643 Hebr.9,
648 3569 698 3627 12.
730 3568 846 3642 13,12.
896 3562 1109 3626 Alexandrini
1122 3558 1158 3619 in·

120 3670 280 3750 terpretes
299 3662 359 3728 hac
378 3687 458 3729 voce
483 3668 667 3749 exprimere
688 3658 794 3724 solent
814 3659 996 3728 suffixumi
1017 3685 1048 3728 v.
1062 3660 1123 3726 Iob.
1135 3656 1156 3728 ⁷,

119 3771 170 3828 10.
193 3766 289 3828 Prov.
308 3769 360 3844 27,
381 3771 410 3830 8.
440 3753 586 3829 Verbum
604 3761 785 3850 α’ναφέρειν
805 3752 898 3847 prop.
924 3784 1048 3828 ειινειινι
1065 3762 1155 3840 ferrer

118 3865 250 3946 ιίιιιννα,
273 3887 291 3928 e
307 3867 375 3930 loco
391 3865 548 3942 offertore·
566 3877 600 3933 νἰι
615 3870 716 3932 altum
736 3867 861 3944 tollere,
878 3865 914 3925 in
927 3866 1080 3937 versione
1094 3857 1153 3926 Ale·

116 3968 279 4030 narrdrina
292 3977 322 4028 et
337 3964 430 4028 libris
444 3964 486 4028 Ν.
503 3966 544 4030 Τ.
565 3979 654 4029 notat
674 3965 872 4043 ιιιιᾚιίιῖιίαια
894 3965 1030 4046 offerre,
1050 3951 1156 4036 sacrifi·

117 4089 193 4130 cure
206 4079 240 4129 ut
257 4067 321 4130 Iac.
337 4073 368 4146 2,
384 4073 435 4131 21.
457 4065 525 4151 (ubi
538 4063 695 4151 legitur'
671 4066 854 4152 αναφέρειν
863 4063 922 4128 ἐπὶ
936 4089 975 4131 τα
967 4052 1157 4149 θνσιασιὴ

114 4167 392 4253 ριον)1Ρειι.2,
417 4173 448 4235 5.
484 4165 588 4233 Hebr.
609 4174 660 4251 13,
683 4174 733 4236 15
773 4167 934 4234 Victimae
962 4167 1050 4233 enim
1072 4151 1159 4228 attolli
