<?xml version="1.0" encoding="UTF-8"?>
<!DOCTYPE html PUBLIC "-//W3C//DTD XHTML 1.0 Transitional//EN"
    "http://www.w3.org/TR/xhtml1/DTD/xhtml1-transitional.dtd">
<html xmlns="http://www.w3.org/1999/xhtml" xml:lang="en" lang="en">
 <head>
  <title>
</title>
<meta http-equiv="Content-Type" content="text/html;charset=utf-8" />
  <meta name='ocr-system' content='tesseract 3.04.00' />
  <meta name='ocr-capabilities' content='ocr_page ocr_carea ocr_par ocr_line ocrx_word'/>
</head>
<body>
  <div class='ocr_page' id='page_1' title='image "./dchristianitheo00kuehgoog_0315.png"; bbox 0 0 2604 4746; ppageno 0'>
   <div class='ocr_carea' id='block_1_1' title="bbox 311 110 1108 218">
    <p class='ocr_par' dir='ltr' id='par_1_1' title="bbox 311 110 1108 218">
     <span class='ocr_line' id='line_1_1' title="bbox 311 110 1108 218; baseline -0.01 -29"><span class='ocrx_word' id='word_1_1' title='bbox 311 205 315 218; x_wconf 29' lang='grc' dir='ltr'><strong><em>Ι</em></strong></span> <span class='ocrx_word' id='word_1_2' title='bbox 376 110 774 207; x_wconf 55' lang='grc'><strong>0111111111.</strong></span> <span class='ocrx_word' id='word_1_3' title='bbox 852 196 856 203; x_wconf 85' lang='lat'><strong>.</strong></span> <span class='ocrx_word' id='word_1_4' title='bbox 1033 110 1108 182; x_wconf 82' lang='lat'><strong>285</strong></span> 
     </span>
    </p>
   </div>
   <div class='ocr_carea' id='block_1_2' title="bbox 10 262 1203 2175">
    <p class='ocr_par' dir='ltr' id='par_1_2' title="bbox 10 262 1203 2175">
     <span class='ocr_line' id='line_1_2' title="bbox 22 262 1112 366; baseline -0.009 -20"><span class='ocrx_word' id='word_1_5' title='bbox 22 316 25 321; x_wconf 95' lang='lat'><em>·</em></span> <span class='ocrx_word' id='word_1_6' title='bbox 68 283 185 345; x_wconf 81' lang='lat' dir='ltr'><strong>sciemer</strong></span> <span class='ocrx_word' id='word_1_7' title='bbox 204 277 436 366; x_wconf 84' lang='lat' dir='ltr'><strong>&#39;animadvertit</strong></span> <span class='ocrx_word' id='word_1_8' title='bbox 461 262 636 344; x_wconf 74' lang='lat' dir='ltr'><strong>Fischeruc</strong></span> <span class='ocrx_word' id='word_1_9' title='bbox 663 278 697 341; x_wconf 92' lang='lat' dir='ltr'><strong>in</strong></span> <span class='ocrx_word' id='word_1_10' title='bbox 721 272 989 341; x_wconf 76' lang='lat' dir='ltr'><strong>commentatione</strong></span> <span class='ocrx_word' id='word_1_11' title='bbox 1013 293 1112 358; x_wconf 86' lang='lat' dir='ltr'><strong>super</strong></span> 
     </span>
     <span class='ocr_line' id='line_1_3' title="bbox 64 371 1143 466; baseline -0.004 -26"><span class='ocrx_word' id='word_1_12' title='bbox 64 375 124 445; x_wconf 87' lang='grc'><strong>1666</strong></span> <span class='ocrx_word' id='word_1_13' title='bbox 137 379 276 466; x_wconf 81' lang='lat' dir='ltr'><strong>quodam</strong></span> <span class='ocrx_word' id='word_1_14' title='bbox 291 399 343 464; x_wconf 86' lang='lat' dir='ltr'><strong>ep.</strong></span> <span class='ocrx_word' id='word_1_15' title='bbox 361 377 402 442; x_wconf 86' lang='lat' dir='ltr'><strong>ad</strong></span> <span class='ocrx_word' id='word_1_16' title='bbox 418 377 521 444; x_wconf 86' lang='lat' dir='ltr'><strong>Hebr.</strong></span> <span class='ocrx_word' id='word_1_17' title='bbox 539 375 857 466; x_wconf 81' lang='lat' dir='ltr'><strong>(coniunctim-edita</strong></span> <span class='ocrx_word' id='word_1_18' title='bbox 874 395 946 438; x_wconf 93' lang='lat' dir='ltr'><strong>cum</strong></span> <span class='ocrx_word' id='word_1_19' title='bbox 962 371 1110 439; x_wconf 88' lang='lat' dir='ltr'><strong>Proluss.</strong></span> <span class='ocrx_word' id='word_1_20' title='bbox 1140 441 1143 449; x_wconf 62' lang='grc'><strong>,</strong></span> 
     </span>
     <span class='ocr_line' id='line_1_4' title="bbox 65 464 1110 567; baseline -0.005 -25"><span class='ocrx_word' id='word_1_21' title='bbox 65 483 189 567; x_wconf 82' lang='lat' dir='ltr'><strong>quinque</strong></span> <span class='ocrx_word' id='word_1_22' title='bbox 211 477 327 565; x_wconf 86' lang='lat' dir='ltr'><strong>quibus</strong></span> <span class='ocrx_word' id='word_1_23' title='bbox 354 464 421 545; x_wconf 88' lang='lat' dir='ltr'><strong>loci</strong></span> <span class='ocrx_word' id='word_1_24' title='bbox 442 479 525 543; x_wconf 87' lang='lat' dir='ltr'><strong>varii</strong></span> <span class='ocrx_word' id='word_1_25' title='bbox 539 480 704 564; x_wconf 91' lang='lat' dir='ltr'><strong>utriusque</strong></span> <span class='ocrx_word' id='word_1_26' title='bbox 723 475 926 541; x_wconf 82' lang='lat' dir='ltr'>Testamenti</span> <span class='ocrx_word' id='word_1_27' title='bbox 942 473 1110 538; x_wconf 89' lang='lat' dir='ltr'><strong>illustran-</strong></span> 
     </span>
     <span class='ocr_line' id='line_1_5' title="bbox 63 575 1112 666; baseline -0.003 -24"><span class='ocrx_word' id='word_1_28' title='bbox 63 583 211 666; x_wconf 67' lang='lat' dir='ltr'><strong>tuanips.</strong></span> <span class='ocrx_word' id='word_1_29' title='bbox 222 584 314 644; x_wconf 88' lang='grc'><strong>1779.</strong></span> <span class='ocrx_word' id='word_1_30' title='bbox 324 578 367 663; x_wconf 85' lang='lat'><strong>8.)</strong></span> <span class='ocrx_word' id='word_1_31' title='bbox 378 603 410 664; x_wconf 79' lang='lat' dir='ltr'><strong>p·</strong></span> <span class='ocrx_word' id='word_1_32' title='bbox 423 585 493 643; x_wconf 94' lang='grc'><strong>161.</strong></span> <span class='ocrx_word' id='word_1_33' title='bbox 509 576 720 663; x_wconf 86' lang='lat' dir='ltr'><strong>improbanda</strong></span> <span class='ocrx_word' id='word_1_34' title='bbox 729 591 779 643; x_wconf 89' lang='lat' dir='ltr'><strong>est</strong></span> <span class='ocrx_word' id='word_1_35' title='bbox 786 575 866 640; x_wconf 88' lang='lat' dir='ltr'><strong>haec</strong></span> <span class='ocrx_word' id='word_1_36' title='bbox 876 578 1036 638; x_wconf 84' lang='lat' dir='ltr'><strong>sententia</strong></span> <span class='ocrx_word' id='word_1_37' title='bbox 1044 596 1112 639; x_wconf 92' lang='lat' dir='ltr'><strong>non</strong></span> 
     </span>
     <span class='ocr_line' id='line_1_6' title="bbox 62 673 1111 767; baseline -0.003 -23"><span class='ocrx_word' id='word_1_38' title='bbox 62 681 151 747; x_wconf 88' lang='lat' dir='ltr'><strong>solum</strong></span> <span class='ocrx_word' id='word_1_39' title='bbox 174 691 359 766; x_wconf 85' lang='lat' dir='ltr'><strong>propterea,</strong></span> <span class='ocrx_word' id='word_1_40' title='bbox 383 683 458 767; x_wconf 92' lang='lat' dir='ltr'><strong>quia</strong></span> <span class='ocrx_word' id='word_1_41' title='bbox 484 681 632 764; x_wconf 73' lang='lat' dir='ltr'><strong>scriptor,</strong></span> <span class='ocrx_word' id='word_1_42' title='bbox 657 681 687 742; x_wconf 89' lang='lat' dir='ltr'><strong>si</strong></span> <span class='ocrx_word' id='word_1_43' title='bbox 704 689 735 742; x_wconf 91' lang='lat' dir='ltr'><strong>et</strong></span> <span class='ocrx_word' id='word_1_44' title='bbox 758 673 955 740; x_wconf 88' lang='lat' dir='ltr'><strong>thuribulum</strong></span> <span class='ocrx_word' id='word_1_45' title='bbox 971 687 1003 737; x_wconf 91' lang='lat' dir='ltr'><strong>et</strong></span> <span class='ocrx_word' id='word_1_46' title='bbox 1020 698 1111 741; x_wconf 89' lang='lat' dir='ltr'><strong>acer-</strong></span> 
     </span>
     <span class='ocr_line' id='line_1_7' title="bbox 60 776 1112 867; baseline -0.004 -23"><span class='ocrx_word' id='word_1_47' title='bbox 60 803 119 846; x_wconf 88' lang='lat' dir='ltr'><strong>ram</strong></span> <span class='ocrx_word' id='word_1_48' title='bbox 141 781 325 867; x_wconf 85' lang='lat' dir='ltr'><strong>significare</strong></span> <span class='ocrx_word' id='word_1_49' title='bbox 348 780 515 858; x_wconf 74' lang='lat' dir='ltr'><strong>noluisset,</strong></span> <span class='ocrx_word' id='word_1_50' title='bbox 538 777 667 864; x_wconf 87' lang='lat' dir='ltr'><strong>planius</strong></span> <span class='ocrx_word' id='word_1_51' title='bbox 685 790 717 843; x_wconf 92' lang='lat' dir='ltr'><strong>et</strong></span> <span class='ocrx_word' id='word_1_52' title='bbox 733 776 905 841; x_wconf 84' lang='lat' dir='ltr'><strong>dilucidius</strong></span> <span class='ocrx_word' id='word_1_53' title='bbox 926 778 1112 861; x_wconf 82' lang='lat' dir='ltr'><strong>scripsisset</strong></span> 
     </span>
     <span class='ocr_line' id='line_1_8' title="bbox 60 875 1107 968; baseline -0.002 -22"><span class='ocrx_word' id='word_1_54' title='bbox 60 882 127 947; x_wconf 75' lang='grc'><strong>116.</strong></span> <span class='ocrx_word' id='word_1_55' title='bbox 143 886 212 946; x_wconf 89' lang='lat' dir='ltr'><strong>suis</strong></span> <span class='ocrx_word' id='word_1_56' title='bbox 227 895 395 968; x_wconf 86' lang='lat' dir='ltr'><strong>utrumque</strong></span> <span class='ocrx_word' id='word_1_57' title='bbox 412 900 471 944; x_wconf 81' lang='lat' dir='ltr'><strong>vas</strong></span> <span class='ocrx_word' id='word_1_58' title='bbox 492 879 693 965; x_wconf 84' lang='lat' dir='ltr'><strong>appellasset</strong></span> <span class='ocrx_word' id='word_1_59' title='bbox 716 875 904 957; x_wconf 84' lang='lat' dir='ltr'><strong>vocabulis,</strong></span> <span class='ocrx_word' id='word_1_60' title='bbox 926 878 986 941; x_wconf 90' lang='lat' dir='ltr'><strong>sed</strong></span> <span class='ocrx_word' id='word_1_61' title='bbox 1005 880 1107 963; x_wconf 87' lang='lat' dir='ltr'><strong>inpri-</strong></span> 
     </span>
     <span class='ocr_line' id='line_1_9' title="bbox 60 977 1112 1072; baseline 0 -27"><span class='ocrx_word' id='word_1_62' title='bbox 60 985 111 1046; x_wconf 86' lang='lat' dir='ltr'><strong>mis</strong></span> <span class='ocrx_word' id='word_1_63' title='bbox 124 983 205 1047; x_wconf 86' lang='lat' dir='ltr'><strong>banc</strong></span> <span class='ocrx_word' id='word_1_64' title='bbox 222 980 440 1072; x_wconf 86' lang='lat' dir='ltr'><strong>obcaussam‚</strong></span> <span class='ocrx_word' id='word_1_65' title='bbox 461 981 547 1066; x_wconf 92' lang='lat' dir='ltr'><strong>quod</strong></span> <span class='ocrx_word' id='word_1_66' title='bbox 560 980 710 1065; x_wconf 82' lang='lat' dir='ltr'><strong>pontifex</strong></span> <span class='ocrx_word' id='word_1_67' title='bbox 724 977 970 1044; x_wconf 85' lang='lat' dir='ltr'><strong>maximus-illis</strong></span> <span class='ocrx_word' id='word_1_68' title='bbox 985 994 1112 1066; x_wconf 90' lang='lat' dir='ltr'><strong>tempo·</strong></span> 
     </span>
     <span class='ocr_line' id='line_1_10' title="bbox 58 1077 1112 1170; baseline 0.003 -26"><span class='ocrx_word' id='word_1_69' title='bbox 58 1082 148 1162; x_wconf 84' lang='lat' dir='ltr'><strong>ribus,</strong></span> <span class='ocrx_word' id='word_1_70' title='bbox 171 1082 211 1145; x_wconf 89' lang='lat' dir='ltr'><strong>de</strong></span> <span class='ocrx_word' id='word_1_71' title='bbox 228 1082 345 1170; x_wconf 92' lang='lat' dir='ltr'><strong>quibus</strong></span> <span class='ocrx_word' id='word_1_72' title='bbox 360 1082 500 1165; x_wconf 86' lang='lat' dir='ltr'><strong>scriptor</strong></span> <span class='ocrx_word' id='word_1_73' title='bbox 518 1077 672 1166; x_wconf 82' lang='lat' dir='ltr'><strong>loquitur,</strong></span> <span class='ocrx_word' id='word_1_74' title='bbox 694 1079 813 1166; x_wconf 87' lang='lat' dir='ltr'><strong>odores</strong></span> <span class='ocrx_word' id='word_1_75' title='bbox 828 1077 900 1143; x_wconf 90' lang='lat' dir='ltr'><strong>sola</strong></span> <span class='ocrx_word' id='word_1_76' title='bbox 914 1087 1112 1147; x_wconf 83' lang='grc'><strong>116116611-</strong></span> 
     </span>
     <span class='ocr_line' id='line_1_11' title="bbox 59 1178 1111 1265; baseline 0.001 -19"><span class='ocrx_word' id='word_1_77' title='bbox 59 1184 224 1265; x_wconf 87' lang='lat' dir='ltr'><strong>prehensos</strong></span> <span class='ocrx_word' id='word_1_78' title='bbox 241 1194 371 1262; x_wconf 88' lang='lat' dir='ltr'><strong>tenens,</strong></span> <span class='ocrx_word' id='word_1_79' title='bbox 394 1182 491 1263; x_wconf 84' lang='lat' dir='ltr'><strong>adyta</strong></span> <span class='ocrx_word' id='word_1_80' title='bbox 511 1178 651 1245; x_wconf 83' lang='lat' dir='ltr'><strong>intrasse</strong></span> <span class='ocrx_word' id='word_1_81' title='bbox 671 1179 861 1265; x_wconf 87' lang='lat' dir='ltr'><strong>perhibetur</strong></span> <span class='ocrx_word' id='word_1_82' title='bbox 880 1202 913 1243; x_wconf 87' lang='lat' dir='ltr'><strong>v.</strong></span> <span class='ocrx_word' id='word_1_83' title='bbox 931 1180 1038 1245; x_wconf 90' lang='lat' dir='ltr'><strong>Levit.</strong></span> <span class='ocrx_word' id='word_1_84' title='bbox 1057 1187 1111 1265; x_wconf 90' lang='grc'><strong>16,</strong></span> 
     </span>
     <span class='ocr_line' id='line_1_12' title="bbox 60 1279 1110 1369; baseline 0.003 -24"><span class='ocrx_word' id='word_1_85' title='bbox 60 1289 103 1348; x_wconf 84' lang='grc'><strong>11.</strong></span> <span class='ocrx_word' id='word_1_86' title='bbox 121 1284 163 1347; x_wconf 80' lang='lat' dir='ltr'><strong>At</strong></span> <span class='ocrx_word' id='word_1_87' title='bbox 181 1283 346 1369; x_wconf 84' lang='lat' dir='ltr'><strong>enimvero</strong></span> <span class='ocrx_word' id='word_1_88' title='bbox 363 1302 466 1367; x_wconf 90' lang='lat' dir='ltr'><strong>neque</strong></span> <span class='ocrx_word' id='word_1_89' title='bbox 484 1279 716 1366; x_wconf 75' lang='grc' dir='ltr'><strong><em>θυμιατήριον</em></strong></span> <span class='ocrx_word' id='word_1_90' title='bbox 740 1281 942 1363; x_wconf 70' lang='lat' dir='ltr'><strong>thuribulum,</strong></span> <span class='ocrx_word' id='word_1_91' title='bbox 964 1284 998 1346; x_wconf 91' lang='lat' dir='ltr'><strong>in</strong></span> <span class='ocrx_word' id='word_1_92' title='bbox 1014 1285 1110 1367; x_wconf 87' lang='lat' dir='ltr'><strong>adyto</strong></span> 
     </span>
     <span class='ocr_line' id='line_1_13' title="bbox 59 1373 1203 1469; baseline 0.003 -23"><span class='ocrx_word' id='word_1_93' title='bbox 59 1387 225 1468; x_wconf 91' lang='lat' dir='ltr'><strong>repositum</strong></span> <span class='ocrx_word' id='word_1_94' title='bbox 240 1383 311 1463; x_wconf 86' lang='lat' dir='ltr'><strong>luit,</strong></span> <span class='ocrx_word' id='word_1_95' title='bbox 323 1414 325 1418; x_wconf 96' lang='lat'>·</span> <span class='ocrx_word' id='word_1_96' title='bbox 335 1393 368 1445; x_wconf 90' lang='lat' dir='ltr'><strong>et</strong></span> <span class='ocrx_word' id='word_1_97' title='bbox 383 1394 492 1446; x_wconf 92' lang='lat' dir='ltr'><strong>tamen</strong></span> <span class='ocrx_word' id='word_1_98' title='bbox 507 1381 540 1446; x_wconf 92' lang='lat' dir='ltr'><strong>h.</strong></span> <span class='ocrx_word' id='word_1_99' title='bbox 557 1376 581 1445; x_wconf 95' lang='lat' dir='ltr'><strong>l.</strong></span> <span class='ocrx_word' id='word_1_100' title='bbox 599 1373 733 1467; x_wconf 80' lang='lat' dir='ltr'><strong>legitur:</strong></span> <span class='ocrx_word' id='word_1_101' title='bbox 751 1383 894 1468; x_wconf 83' lang='grc' dir='ltr'><strong><em>χρυσοῦν</em></strong></span> <span class='ocrx_word' id='word_1_102' title='bbox 909 1381 1030 1469; x_wconf 75' lang='grc' dir='ltr'><strong><em>ἕχονσοι</em></strong></span> <span class='ocrx_word' id='word_1_103' title='bbox 1046 1374 1112 1450; x_wconf 60' lang='lat' dir='ltr'><strong>dv·</strong></span> <span class='ocrx_word' id='word_1_104' title='bbox 1201 1375 1203 1379; x_wconf 43' lang='grc'>’</span> 
     </span>
     <span class='ocr_line' id='line_1_14' title="bbox 60 1481 1111 1570; baseline 0 -20"><span class='ocrx_word' id='word_1_105' title='bbox 60 1481 235 1570; x_wconf 80' lang='grc' dir='ltr'><strong><em>μιατήριον.</em></strong></span> <span class='ocrx_word' id='word_1_106' title='bbox 277 1482 398 1548; x_wconf 87' lang='lat' dir='ltr'><strong>Varias</strong></span> <span class='ocrx_word' id='word_1_107' title='bbox 423 1485 495 1546; x_wconf 87' lang='lat' dir='ltr'><strong>vias</strong></span> <span class='ocrx_word' id='word_1_108' title='bbox 516 1484 660 1569; x_wconf 82' lang='lat' dir='ltr'><strong>ingressi</strong></span> <span class='ocrx_word' id='word_1_109' title='bbox 683 1496 757 1547; x_wconf 87' lang='lat' dir='ltr'><strong>sunt</strong></span> <span class='ocrx_word' id='word_1_110' title='bbox 780 1486 992 1568; x_wconf 83' lang='lat' dir='ltr'><strong>interpretes,</strong></span> <span class='ocrx_word' id='word_1_111' title='bbox 1014 1496 1051 1548; x_wconf 91' lang='lat' dir='ltr'><strong>ut</strong></span> <span class='ocrx_word' id='word_1_112' title='bbox 1075 1508 1111 1550; x_wconf 87' lang='lat' dir='ltr'><strong>se</strong></span> 
     </span>
     <span class='ocr_line' id='line_1_15' title="bbox 58 1576 1151 1671; baseline 0.001 -23"><span class='ocrx_word' id='word_1_113' title='bbox 58 1585 110 1651; x_wconf 86' lang='lat' dir='ltr'><strong>bac</strong></span> <span class='ocrx_word' id='word_1_114' title='bbox 128 1576 312 1650; x_wconf 87' lang='lat' dir='ltr'><strong>difficultate</strong></span> <span class='ocrx_word' id='word_1_115' title='bbox 337 1582 559 1648; x_wconf 87' lang='lat' dir='ltr'><strong>exsolverent.</strong></span> <span class='ocrx_word' id='word_1_116' title='bbox 603 1583 759 1649; x_wconf 91' lang='lat' dir='ltr'><strong>Nonnulli</strong></span> <span class='ocrx_word' id='word_1_117' title='bbox 781 1596 950 1668; x_wconf 84' lang='lat' dir='ltr'><strong>putarunt,</strong></span> <span class='ocrx_word' id='word_1_118' title='bbox 972 1588 1111 1671; x_wconf 90' lang='lat' dir='ltr'><strong>scripto·</strong></span> <span class='ocrx_word' id='word_1_119' title='bbox 1145 1599 1151 1609; x_wconf 87' lang='lat'><em>&#39;</em></span> 
     </span>
     <span class='ocr_line' id='line_1_16' title="bbox 63 1680 1113 1775; baseline 0.002 -27"><span class='ocrx_word' id='word_1_120' title='bbox 63 1680 131 1768; x_wconf 85' lang='grc'><strong>1611,</strong></span> <span class='ocrx_word' id='word_1_121' title='bbox 150 1690 206 1775; x_wconf 92' lang='lat' dir='ltr'><strong>qui</strong></span> <span class='ocrx_word' id='word_1_122' title='bbox 222 1707 287 1749; x_wconf 95' lang='lat' dir='ltr'><strong>non</strong></span> <span class='ocrx_word' id='word_1_123' title='bbox 301 1685 400 1750; x_wconf 84' lang='lat' dir='ltr'><strong>fuerit</strong></span> <span class='ocrx_word' id='word_1_124' title='bbox 424 1685 592 1766; x_wconf 87' lang='lat' dir='ltr'><strong>sacerdos,</strong></span> <span class='ocrx_word' id='word_1_125' title='bbox 614 1687 770 1748; x_wconf 87' lang='lat' dir='ltr'><strong>memoria</strong></span> <span class='ocrx_word' id='word_1_126' title='bbox 785 1684 913 1769; x_wconf 88' lang='lat' dir='ltr'><strong>lapsum</strong></span> <span class='ocrx_word' id='word_1_127' title='bbox 930 1706 1017 1751; x_wconf 84' lang='lat' dir='ltr'><strong>esse.</strong></span> <span class='ocrx_word' id='word_1_128' title='bbox 1060 1686 1113 1750; x_wconf 85' lang='lat' dir='ltr'><strong>Ita</strong></span> 
     </span>
     <span class='ocr_line' id='line_1_17' title="bbox 10 1784 1111 1869; baseline -0.004 -12"><span class='ocrx_word' id='word_1_129' title='bbox 10 1799 17 1857; x_wconf 77' lang='grc' dir='ltr'><strong>ζ-</strong></span> <span class='ocrx_word' id='word_1_130' title='bbox 64 1810 126 1855; x_wconf 83' lang='lat' dir='ltr'><strong>nero</strong></span> <span class='ocrx_word' id='word_1_131' title='bbox 143 1791 261 1854; x_wconf 90' lang='lat' dir='ltr'><strong>nodum</strong></span> <span class='ocrx_word' id='word_1_132' title='bbox 276 1808 341 1850; x_wconf 93' lang='grc'><strong>161</strong></span> <span class='ocrx_word' id='word_1_133' title='bbox 358 1784 498 1869; x_wconf 86' lang='lat' dir='ltr'><strong>solvunt,</strong></span> <span class='ocrx_word' id='word_1_134' title='bbox 521 1788 581 1850; x_wconf 88' lang='lat' dir='ltr'><strong>sed</strong></span> <span class='ocrx_word' id='word_1_135' title='bbox 605 1798 724 1850; x_wconf 87' lang='lat' dir='ltr'><strong>secant.</strong></span> <span class='ocrx_word' id='word_1_136' title='bbox 771 1784 855 1864; x_wconf 86' lang='lat' dir='ltr'><strong>Alii,</strong></span> <span class='ocrx_word' id='word_1_137' title='bbox 877 1787 911 1848; x_wconf 91' lang='lat' dir='ltr'><strong>in</strong></span> <span class='ocrx_word' id='word_1_138' title='bbox 933 1786 986 1850; x_wconf 80' lang='lat' dir='ltr'><strong>his</strong></span> <span class='ocrx_word' id='word_1_139' title='bbox 1003 1787 1111 1853; x_wconf 64' lang='lat' dir='ltr'><strong>Zerbi-</strong></span> 
     </span>
     <span class='ocr_line' id='line_1_18' title="bbox 10 1885 1113 1976; baseline -0.004 -19"><span class='ocrx_word' id='word_1_140' title='bbox 10 1950 21 1957; x_wconf 87' lang='lat'><strong>..</strong></span> <span class='ocrx_word' id='word_1_141' title='bbox 69 1891 134 1955; x_wconf 79' lang='lat' dir='ltr'><strong>clius</strong></span> <span class='ocrx_word' id='word_1_142' title='bbox 148 1893 183 1952; x_wconf 91' lang='lat' dir='ltr'><strong>in</strong></span> <span class='ocrx_word' id='word_1_143' title='bbox 198 1889 289 1952; x_wconf 88' lang='lat' dir='ltr'><strong>Diss.</strong></span> <span class='ocrx_word' id='word_1_144' title='bbox 306 1889 346 1951; x_wconf 87' lang='lat' dir='ltr'><strong>de</strong></span> <span class='ocrx_word' id='word_1_145' title='bbox 363 1885 526 1951; x_wconf 87' lang='lat' dir='ltr'><strong>thuribulo</strong></span> <span class='ocrx_word' id='word_1_146' title='bbox 543 1892 794 1976; x_wconf 75' lang='grc'><strong>611661768.4.</strong></span> <span class='ocrx_word' id='word_1_147' title='bbox 813 1898 951 1966; x_wconf 89' lang='lat' dir='ltr'><strong>sumunt,</strong></span> <span class='ocrx_word' id='word_1_148' title='bbox 975 1889 1113 1954; x_wconf 88' lang='lat' dir='ltr'><strong>sednon</strong></span> 
     </span>
     <span class='ocr_line' id='line_1_19' title="bbox 10 1987 1112 2073; baseline 0 -20"><span class='ocrx_word' id='word_1_149' title='bbox 10 2021 12 2025; x_wconf 53' lang='grc'>’</span> <span class='ocrx_word' id='word_1_150' title='bbox 68 1991 193 2073; x_wconf 84' lang='lat' dir='ltr'><strong>probant,</strong></span> <span class='ocrx_word' id='word_1_151' title='bbox 214 1987 412 2053; x_wconf 88' lang='lat' dir='ltr'><strong>thuribulum</strong></span> <span class='ocrx_word' id='word_1_152' title='bbox 430 2001 563 2052; x_wconf 86' lang='lat' dir='ltr'><strong>aureum</strong></span> <span class='ocrx_word' id='word_1_153' title='bbox 579 2009 708 2073; x_wconf 88' lang='lat' dir='ltr'><strong>semper</strong></span> <span class='ocrx_word' id='word_1_154' title='bbox 723 1989 825 2051; x_wconf 88' lang='lat' dir='ltr'><strong>fuisse</strong></span> <span class='ocrx_word' id='word_1_155' title='bbox 841 1990 874 2049; x_wconf 95' lang='lat' dir='ltr'><strong>in</strong></span> <span class='ocrx_word' id='word_1_156' title='bbox 892 1987 987 2069; x_wconf 85' lang='lat' dir='ltr'><strong>adyto</strong></span> <span class='ocrx_word' id='word_1_157' title='bbox 1004 2011 1112 2053; x_wconf 88' lang='lat' dir='ltr'><strong>asser·</strong></span> 
     </span>
     <span class='ocr_line' id='line_1_20' title="bbox 69 2087 1112 2175; baseline 0.005 -25"><span class='ocrx_word' id='word_1_158' title='bbox 69 2104 165 2173; x_wconf 80' lang='lat' dir='ltr'><strong>ratum,</strong></span> <span class='ocrx_word' id='word_1_159' title='bbox 187 2114 207 2154; x_wconf 87' lang='lat' dir='ltr'><strong>a</strong></span> <span class='ocrx_word' id='word_1_160' title='bbox 223 2088 375 2175; x_wconf 88' lang='lat' dir='ltr'><strong>pontifice</strong></span> <span class='ocrx_word' id='word_1_161' title='bbox 392 2089 439 2152; x_wconf 89' lang='lat' dir='ltr'><strong>ibi</strong></span> <span class='ocrx_word' id='word_1_162' title='bbox 456 2087 613 2170; x_wconf 86' lang='lat' dir='ltr'><strong>relictum,</strong></span> <span class='ocrx_word' id='word_1_163' title='bbox 637 2089 738 2152; x_wconf 90' lang='lat' dir='ltr'><strong>donec</strong></span> <span class='ocrx_word' id='word_1_164' title='bbox 755 2091 1007 2174; x_wconf 78' lang='lat' dir='ltr'><strong>annosequenti</strong></span> <span class='ocrx_word' id='word_1_165' title='bbox 1023 2089 1112 2155; x_wconf 84' lang='lat' dir='ltr'><strong>aliud</strong></span> 
     </span>
    </p>
   </div>
   <div class='ocr_carea' id='block_1_3' title="bbox 69 2187 1220 2275">
    <p class='ocr_par' dir='ltr' id='par_1_3' title="bbox 69 2187 1220 2275">
     <span class='ocr_line' id='line_1_21' title="bbox 69 2187 1220 2275; baseline -0.002 -21"><span class='ocrx_word' id='word_1_166' title='bbox 69 2192 176 2256; x_wconf 88' lang='lat' dir='ltr'><strong>ineius</strong></span> <span class='ocrx_word' id='word_1_167' title='bbox 201 2190 309 2255; x_wconf 90' lang='lat' dir='ltr'><strong>locum</strong></span> <span class='ocrx_word' id='word_1_168' title='bbox 333 2187 504 2253; x_wconf 86' lang='lat' dir='ltr'><strong>attulisset.</strong></span> <span class='ocrx_word' id='word_1_169' title='bbox 546 2190 720 2255; x_wconf 64' lang='lat' dir='ltr'><strong>nuc-liaeus</strong></span> <span class='ocrx_word' id='word_1_170' title='bbox 745 2188 813 2275; x_wconf 83' lang='lat' dir='ltr'><strong>legi</strong></span> <span class='ocrx_word' id='word_1_171' title='bbox 835 2187 982 2256; x_wconf 87' lang='lat' dir='ltr'><strong>iubebat:</strong></span> <span class='ocrx_word' id='word_1_172' title='bbox 1006 2193 1064 2256; x_wconf 83' lang='grc' dir='ltr'><strong>καὶ</strong></span> <span class='ocrx_word' id='word_1_173' title='bbox 1087 2189 1112 2271; x_wconf 77' lang='grc' dir='ltr'><em>ἡ</em></span> <span class='ocrx_word' id='word_1_174' title='bbox 1218 2228 1220 2232; x_wconf 65' lang='grc'><em>»</em></span> 
     </span>
    </p>
   </div>
   <div class='ocr_carea' id='block_1_4' title="bbox 10 2285 1205 4099">
    <p class='ocr_par' dir='ltr' id='par_1_4' title="bbox 10 2285 1146 3491">
     <span class='ocr_line' id='line_1_22' title="bbox 70 2285 1112 2378; baseline 0.004 -24"><span class='ocrx_word' id='word_1_175' title='bbox 70 2285 219 2377; x_wconf 70' lang='grc' dir='ltr'><strong><em>ιιρόθὲὸις</em></strong></span> <span class='ocrx_word' id='word_1_176' title='bbox 240 2291 306 2356; x_wconf 81' lang='grc' dir='ltr'><strong>τῶν</strong></span> <span class='ocrx_word' id='word_1_177' title='bbox 328 2287 450 2378; x_wconf 77' lang='grc' dir='ltr'><strong><em>ἄρτων,</em></strong></span> <span class='ocrx_word' id='word_1_178' title='bbox 473 2288 530 2353; x_wconf 87' lang='grc' dir='ltr'><strong><em>κιιὶ</em></strong></span> <span class='ocrx_word' id='word_1_179' title='bbox 553 2288 593 2355; x_wconf 85' lang='grc' dir='ltr'>τὸ</span> <span class='ocrx_word' id='word_1_180' title='bbox 615 2289 854 2376; x_wconf 73' lang='grc' dir='ltr'><strong><em>θυμιατήριον,</em></strong></span> <span class='ocrx_word' id='word_1_181' title='bbox 876 2285 952 2370; x_wconf 78' lang='grc' dir='ltr'><strong><em>ἥτις</em></strong></span> <span class='ocrx_word' id='word_1_182' title='bbox 973 2292 1112 2375; x_wconf 74' lang='grc' dir='ltr'><strong><em>λέγεται</em></strong></span> 
     </span>
     <span class='ocr_line' id='line_1_23' title="bbox 10 2384 1112 2477; baseline 0.005 -23"><span class='ocrx_word' id='word_1_183' title='bbox 10 2425 26 2462; x_wconf 60' lang='grc' dir='ltr'><strong>,κ</strong></span> <span class='ocrx_word' id='word_1_184' title='bbox 68 2387 126 2475; x_wconf 76' lang='grc' dir='ltr'><strong><em>ἅγια</em></strong></span> <span class='ocrx_word' id='word_1_185' title='bbox 140 2417 170 2457; x_wconf 87' lang='grc' dir='ltr'><strong>κ.</strong></span> <span class='ocrx_word' id='word_1_186' title='bbox 187 2406 218 2458; x_wconf 70' lang='grc' dir='ltr'><strong>τί</strong></span> <span class='ocrx_word' id='word_1_187' title='bbox 232 2392 262 2456; x_wconf 89' lang='grc' dir='ltr'><strong>λ.</strong></span> <span class='ocrx_word' id='word_1_188' title='bbox 277 2414 307 2455; x_wconf 90' lang='lat' dir='ltr'><strong>v.</strong></span> <span class='ocrx_word' id='word_1_189' title='bbox 324 2399 356 2455; x_wconf 88' lang='grc'><strong>4.</strong></span> <span class='ocrx_word' id='word_1_190' title='bbox 369 2384 516 2477; x_wconf 82' lang='grc' dir='ltr'><strong><em>χρυσοῦν</em></strong></span> <span class='ocrx_word' id='word_1_191' title='bbox 532 2384 661 2476; x_wconf 67' lang='grc' dir='ltr'><strong><em>ἔχουσὰ</em></strong></span> <span class='ocrx_word' id='word_1_192' title='bbox 673 2390 881 2476; x_wconf 75' lang='grc' dir='ltr'><strong>ἱλαστήριον.</strong></span> <span class='ocrx_word' id='word_1_193' title='bbox 923 2391 1018 2457; x_wconf 85' lang='lat' dir='ltr'><strong>Hanc</strong></span> <span class='ocrx_word' id='word_1_194' title='bbox 1035 2417 1112 2460; x_wconf 82' lang='lat' dir='ltr'><strong>con-</strong></span> 
     </span>
     <span class='ocr_line' id='line_1_24' title="bbox 68 2489 1112 2560; baseline 0.006 -5"><span class='ocrx_word' id='word_1_195' title='bbox 68 2494 198 2559; x_wconf 85' lang='lat' dir='ltr'><strong>iecturam</strong></span> <span class='ocrx_word' id='word_1_196' title='bbox 215 2513 488 2558; x_wconf 86' lang='lat' dir='ltr'><strong>commemorasse</strong></span> <span class='ocrx_word' id='word_1_197' title='bbox 504 2492 583 2555; x_wconf 89' lang='lat' dir='ltr'><strong>mihi</strong></span> <span class='ocrx_word' id='word_1_198' title='bbox 601 2489 728 2555; x_wconf 89' lang='lat' dir='ltr'><strong>sufficit.</strong></span> <span class='ocrx_word' id='word_1_199' title='bbox 773 2490 895 2556; x_wconf 89' lang='lat' dir='ltr'><strong>Omnes</strong></span> <span class='ocrx_word' id='word_1_200' title='bbox 919 2493 996 2560; x_wconf 88' lang='lat' dir='ltr'><strong>libri</strong></span> <span class='ocrx_word' id='word_1_201' title='bbox 1012 2500 1046 2560; x_wconf 93' lang='lat' dir='ltr'><strong>in</strong></span> <span class='ocrx_word' id='word_1_202' title='bbox 1062 2496 1112 2560; x_wconf 84' lang='lat' dir='ltr'><strong>le-</strong></span> 
     </span>
     <span class='ocr_line' id='line_1_25' title="bbox 10 2589 1112 2679; baseline 0.005 -25"><span class='ocrx_word' id='word_1_203' title='bbox 10 2632 25 2670; x_wconf 46' lang='grc'><strong>1</strong></span> <span class='ocrx_word' id='word_1_204' title='bbox 68 2597 151 2660; x_wconf 86' lang='lat' dir='ltr'><strong>ctione</strong></span> <span class='ocrx_word' id='word_1_205' title='bbox 172 2605 304 2678; x_wconf 88' lang='lat' dir='ltr'><strong>recepta</strong></span> <span class='ocrx_word' id='word_1_206' title='bbox 326 2595 544 2674; x_wconf 87' lang='lat' dir='ltr'><strong>consentiunt,</strong></span> <span class='ocrx_word' id='word_1_207' title='bbox 567 2606 600 2656; x_wconf 93' lang='grc'><strong>61</strong></span> <span class='ocrx_word' id='word_1_208' title='bbox 617 2589 814 2679; x_wconf 80' lang='grc' dir='ltr'><strong><em>ἱλαστηρίον</em></strong></span> <span class='ocrx_word' id='word_1_209' title='bbox 828 2615 860 2657; x_wconf 83' lang='lat' dir='ltr'><strong>v.</strong></span> <span class='ocrx_word' id='word_1_210' title='bbox 878 2600 908 2659; x_wconf 87' lang='lat'><strong>5.</strong></span> <span class='ocrx_word' id='word_1_211' title='bbox 925 2599 1045 2660; x_wconf 85' lang='lat' dir='ltr'><strong>mentio</strong></span> <span class='ocrx_word' id='word_1_212' title='bbox 1062 2599 1112 2661; x_wconf 88' lang='lat' dir='ltr'><strong>fa-</strong></span> 
     </span>
     <span class='ocr_line' id='line_1_26' title="bbox 12 2692 1112 2783; baseline 0.001 -23"><span class='ocrx_word' id='word_1_213' title='bbox 12 2747 26 2760; x_wconf 83' lang='lat'><strong>.</strong></span> <span class='ocrx_word' id='word_1_214' title='bbox 68 2705 103 2758; x_wconf 89' lang='lat' dir='ltr'><strong>cta</strong></span> <span class='ocrx_word' id='word_1_215' title='bbox 118 2709 175 2761; x_wconf 89' lang='lat' dir='ltr'><strong>est.</strong></span> <span class='ocrx_word' id='word_1_216' title='bbox 211 2697 367 2777; x_wconf 80' lang='lat' dir='ltr'><strong>Grotius,</strong></span> <span class='ocrx_word' id='word_1_217' title='bbox 390 2694 621 2772; x_wconf 67' lang='lat' dir='ltr'><strong>Limdcrcdtcs,</strong></span> <span class='ocrx_word' id='word_1_218' title='bbox 646 2692 804 2775; x_wconf 64' lang='lat' dir='ltr'><strong>scaritos,</strong></span> <span class='ocrx_word' id='word_1_219' title='bbox 833 2695 901 2776; x_wconf 87' lang='lat' dir='ltr'><strong>alii,</strong></span> <span class='ocrx_word' id='word_1_220' title='bbox 925 2695 1041 2783; x_wconf 89' lang='lat' dir='ltr'><strong>quibus</strong></span> <span class='ocrx_word' id='word_1_221' title='bbox 1058 2720 1112 2760; x_wconf 84' lang='lat' dir='ltr'><strong>ac-</strong></span> 
     </span>
     <span class='ocr_line' id='line_1_27' title="bbox 67 2791 1112 2884; baseline 0.007 -28"><span class='ocrx_word' id='word_1_222' title='bbox 67 2797 161 2862; x_wconf 88' lang='lat' dir='ltr'><strong>cedere</strong></span> <span class='ocrx_word' id='word_1_223' title='bbox 183 2796 292 2862; x_wconf 91' lang='lat' dir='ltr'><strong>nullus</strong></span> <span class='ocrx_word' id='word_1_224' title='bbox 316 2796 439 2879; x_wconf 87' lang='lat' dir='ltr'><strong>dubito,</strong></span> <span class='ocrx_word' id='word_1_225' title='bbox 462 2795 598 2860; x_wconf 90' lang='lat' dir='ltr'><strong>verbum</strong></span> <span class='ocrx_word' id='word_1_226' title='bbox 619 2791 705 2880; x_wconf 73' lang='grc' dir='ltr'><strong><em>ἔχειν</em></strong></span> <span class='ocrx_word' id='word_1_227' title='bbox 721 2796 753 2859; x_wconf 93' lang='lat' dir='ltr'><strong>h.</strong></span> <span class='ocrx_word' id='word_1_228' title='bbox 770 2796 792 2861; x_wconf 90' lang='lat' dir='ltr'><strong>l.</strong></span> <span class='ocrx_word' id='word_1_229' title='bbox 809 2795 919 2860; x_wconf 90' lang='lat' dir='ltr'><strong>latiori</strong></span> <span class='ocrx_word' id='word_1_230' title='bbox 935 2820 1034 2862; x_wconf 88' lang='lat' dir='ltr'><strong>sensu</strong></span> <span class='ocrx_word' id='word_1_231' title='bbox 1051 2822 1112 2884; x_wconf 91' lang='lat' dir='ltr'><strong>po·</strong></span> 
     </span>
     <span class='ocr_line' id='line_1_28' title="bbox 10 2897 1111 2984; baseline -0.001 -19"><span class='ocrx_word' id='word_1_232' title='bbox 10 2940 27 2965; x_wconf 83' lang='lat'><strong>·.</strong></span> <span class='ocrx_word' id='word_1_233' title='bbox 67 2899 140 2962; x_wconf 85' lang='lat' dir='ltr'><strong>titum</strong></span> <span class='ocrx_word' id='word_1_234' title='bbox 155 2899 325 2983; x_wconf 88' lang='lat' dir='ltr'><strong>accipiunt.</strong></span> <span class='ocrx_word' id='word_1_235' title='bbox 370 2897 585 2969; x_wconf 84' lang='lat' dir='ltr'><strong>Thuribulum</strong></span> <span class='ocrx_word' id='word_1_236' title='bbox 601 2919 744 2977; x_wconf 87' lang='lat' dir='ltr'><strong>aureum,</strong></span> <span class='ocrx_word' id='word_1_237' title='bbox 768 2919 838 2960; x_wconf 90' lang='lat' dir='ltr'><strong>cum</strong></span> <span class='ocrx_word' id='word_1_238' title='bbox 855 2902 1026 2984; x_wconf 89' lang='lat' dir='ltr'><strong>quotannis</strong></span> <span class='ocrx_word' id='word_1_239' title='bbox 1049 2923 1111 2964; x_wconf 79' lang='lat' dir='ltr'><strong>en·</strong></span> 
     </span>
     <span class='ocr_line' id='line_1_29' title="bbox 10 2996 1111 3082; baseline 0.007 -24"><span class='ocrx_word' id='word_1_240' title='bbox 10 3041 24 3082; x_wconf 77' lang='lat' dir='ltr'><strong>t</strong></span> <span class='ocrx_word' id='word_1_241' title='bbox 64 2999 196 3079; x_wconf 88' lang='lat' dir='ltr'><strong>piationis</strong></span> <span class='ocrx_word' id='word_1_242' title='bbox 211 3000 263 3063; x_wconf 88' lang='lat' dir='ltr'><strong>die</strong></span> <span class='ocrx_word' id='word_1_243' title='bbox 282 2998 408 3063; x_wconf 86' lang='lat' dir='ltr'><strong>solenni</strong></span> <span class='ocrx_word' id='word_1_244' title='bbox 423 3003 457 3062; x_wconf 93' lang='lat' dir='ltr'><strong>in</strong></span> <span class='ocrx_word' id='word_1_245' title='bbox 475 3001 602 3082; x_wconf 88' lang='lat' dir='ltr'><strong>adytum</strong></span> <span class='ocrx_word' id='word_1_246' title='bbox 620 2996 744 3061; x_wconf 88' lang='lat' dir='ltr'><strong>illatum</strong></span> <span class='ocrx_word' id='word_1_247' title='bbox 760 2999 867 3079; x_wconf 86' lang='lat' dir='ltr'><strong>fuerit,</strong></span> <span class='ocrx_word' id='word_1_248' title='bbox 892 3013 923 3065; x_wconf 92' lang='lat' dir='ltr'><strong>et</strong></span> <span class='ocrx_word' id='word_1_249' title='bbox 939 3023 1020 3065; x_wconf 91' lang='lat' dir='ltr'><strong>usus</strong></span> <span class='ocrx_word' id='word_1_250' title='bbox 1038 3005 1111 3066; x_wconf 89' lang='lat' dir='ltr'><strong>eius</strong></span> 
     </span>
     <span class='ocr_line' id='line_1_30' title="bbox 64 3096 1110 3184; baseline 0.007 -24"><span class='ocrx_word' id='word_1_251' title='bbox 64 3099 368 3180; x_wconf 84' lang='lat' dir='ltr'><strong>perhibeaturfuisse</strong></span> <span class='ocrx_word' id='word_1_252' title='bbox 386 3101 482 3183; x_wconf 83' lang='lat' dir='ltr'><strong>adyto</strong></span> <span class='ocrx_word' id='word_1_253' title='bbox 498 3096 698 3164; x_wconf 80' lang='lat' dir='ltr'><strong>tabernaculi</strong></span> <span class='ocrx_word' id='word_1_254' title='bbox 711 3100 878 3184; x_wconf 83' lang='lat' dir='ltr'><strong>proprius;</strong></span> <span class='ocrx_word' id='word_1_255' title='bbox 902 3102 966 3169; x_wconf 91' lang='lat' dir='ltr'><strong>dici</strong></span> <span class='ocrx_word' id='word_1_256' title='bbox 979 3106 1110 3167; x_wconf 87' lang='lat' dir='ltr'><strong>omnino</strong></span> 
     </span>
     <span class='ocr_line' id='line_1_31' title="bbox 10 3199 1111 3288; baseline -0.001 -19"><span class='ocrx_word' id='word_1_257' title='bbox 10 3256 20 3269; x_wconf 89' lang='lat'><strong>.</strong></span> <span class='ocrx_word' id='word_1_258' title='bbox 64 3204 161 3282; x_wconf 81' lang='lat' dir='ltr'><strong>potuit:</strong></span> <span class='ocrx_word' id='word_1_259' title='bbox 179 3199 565 3288; x_wconf 56' lang='grc'><strong>’611161111161116161</strong></span> <span class='ocrx_word' id='word_1_260' title='bbox 585 3201 980 3287; x_wconf 65' lang='grc'><strong>61161111611611116161,</strong></span> <span class='ocrx_word' id='word_1_261' title='bbox 1004 3228 1037 3270; x_wconf 84' lang='lat' dir='ltr'><strong>es</strong></span> <span class='ocrx_word' id='word_1_262' title='bbox 1051 3227 1111 3288; x_wconf 79' lang='lat' dir='ltr'><strong>ge-</strong></span> 
     </span>
     <span class='ocr_line' id='line_1_32' title="bbox 10 3296 1110 3388; baseline 0.007 -27"><span class='ocrx_word' id='word_1_263' title='bbox 10 3366 18 3381; x_wconf 57' lang='lat'><em>,</em></span> <span class='ocrx_word' id='word_1_264' title='bbox 65 3296 137 3366; x_wconf 78' lang='lat' dir='ltr'><strong>lirte</strong></span> <span class='ocrx_word' id='word_1_265' title='bbox 157 3324 226 3368; x_wconf 76' lang='lat' dir='ltr'><strong>zum</strong></span> <span class='ocrx_word' id='word_1_266' title='bbox 250 3301 525 3383; x_wconf 72' lang='lat' dir='ltr'><strong>Allertetltgsten.</strong></span> <span class='ocrx_word' id='word_1_267' title='bbox 568 3299 639 3365; x_wconf 90' lang='lat' dir='ltr'><strong>Nec</strong></span> <span class='ocrx_word' id='word_1_268' title='bbox 664 3313 787 3366; x_wconf 90' lang='lat' dir='ltr'><strong>tantum</strong></span> <span class='ocrx_word' id='word_1_269' title='bbox 812 3306 987 3388; x_wconf 85' lang='lat' dir='ltr'><strong>scriptores</strong></span> <span class='ocrx_word' id='word_1_270' title='bbox 1004 3303 1047 3368; x_wconf 92' lang='lat' dir='ltr'><strong>N.</strong></span> <span class='ocrx_word' id='word_1_271' title='bbox 1067 3303 1110 3370; x_wconf 88' lang='grc' dir='ltr'><strong>Τ.</strong></span> 
     </span>
     <span class='ocr_line' id='line_1_33' title="bbox 10 3399 1146 3491; baseline 0.007 -31"><span class='ocrx_word' id='word_1_272' title='bbox 10 3461 18 3472; x_wconf 77' lang='grc'><strong>,</strong></span> <span class='ocrx_word' id='word_1_273' title='bbox 64 3417 156 3468; x_wconf 80' lang='lat' dir='ltr'><strong>rerum</strong></span> <span class='ocrx_word' id='word_1_274' title='bbox 185 3405 280 3467; x_wconf 91' lang='lat' dir='ltr'><strong>etiam</strong></span> <span class='ocrx_word' id='word_1_275' title='bbox 310 3399 552 3487; x_wconf 82' lang='lat' dir='ltr'><strong>diligentissimi</strong></span> <span class='ocrx_word' id='word_1_276' title='bbox 581 3403 747 3488; x_wconf 89' lang='lat' dir='ltr'><strong>utriusque</strong></span> <span class='ocrx_word' id='word_1_277' title='bbox 775 3400 906 3488; x_wconf 85' lang='lat' dir='ltr'><strong>linguae</strong></span> <span class='ocrx_word' id='word_1_278' title='bbox 933 3407 1111 3489; x_wconf 85' lang='lat' dir='ltr'><strong>scriptores</strong></span> <span class='ocrx_word' id='word_1_279' title='bbox 1144 3487 1146 3491; x_wconf 23' lang='grc' dir='ltr'>Ι</span> 
     </span>
    </p>

    <p class='ocr_par' dir='ltr' id='par_1_5' title="bbox 10 3495 1205 4099">
     <span class='ocr_line' id='line_1_34' title="bbox 10 3495 1205 3588; baseline 0.006 -27"><span class='ocrx_word' id='word_1_280' title='bbox 10 3580 13 3586; x_wconf 18' lang='grc' dir='ltr'><strong>Δ</strong></span> <span class='ocrx_word' id='word_1_281' title='bbox 65 3503 153 3565; x_wconf 83' lang='lat' dir='ltr'><strong>exteri</strong></span> <span class='ocrx_word' id='word_1_282' title='bbox 169 3506 299 3587; x_wconf 87' lang='lat' dir='ltr'><strong>saepius</strong></span> <span class='ocrx_word' id='word_1_283' title='bbox 316 3524 381 3566; x_wconf 92' lang='lat' dir='ltr'><strong>uno</strong></span> <span class='ocrx_word' id='word_1_284' title='bbox 402 3495 578 3588; x_wconf 89' lang='lat' dir='ltr'><strong>eodemque</strong></span> <span class='ocrx_word' id='word_1_285' title='bbox 598 3501 681 3582; x_wconf 86' lang='lat' dir='ltr'><strong>loco,</strong></span> <span class='ocrx_word' id='word_1_286' title='bbox 702 3503 759 3564; x_wconf 93' lang='lat' dir='ltr'><strong>uni</strong></span> <span class='ocrx_word' id='word_1_287' title='bbox 778 3503 884 3569; x_wconf 88' lang='lat' dir='ltr'><strong>eidem</strong></span> <span class='ocrx_word' id='word_1_288' title='bbox 900 3503 1020 3584; x_wconf 87' lang='lat' dir='ltr'><strong>verbo,</strong></span> <span class='ocrx_word' id='word_1_289' title='bbox 1043 3516 1145 3568; x_wconf 87' lang='lat' dir='ltr'><strong>non&#39;</strong></span> <span class='ocrx_word' id='word_1_290' title='bbox 1204 3542 1205 3549; x_wconf 58' lang='lat'><strong>.</strong></span> 
     </span>
     <span class='ocr_line' id='line_1_35' title="bbox 64 3598 1129 3684; baseline 0.008 -24"><span class='ocrx_word' id='word_1_291' title='bbox 64 3602 180 3666; x_wconf 82' lang='lat' dir='ltr'><strong>eandem</strong></span> <span class='ocrx_word' id='word_1_292' title='bbox 195 3604 370 3684; x_wconf 89' lang='lat' dir='ltr'><strong>notionem,</strong></span> <span class='ocrx_word' id='word_1_293' title='bbox 394 3603 452 3667; x_wconf 89' lang='lat' dir='ltr'><strong>sed</strong></span> <span class='ocrx_word' id='word_1_294' title='bbox 468 3604 615 3668; x_wconf 87' lang='lat' dir='ltr'><strong>diversas</strong></span> <span class='ocrx_word' id='word_1_295' title='bbox 633 3602 849 3684; x_wconf 86' lang='lat' dir='ltr'><strong>subiecerunt,</strong></span> <span class='ocrx_word' id='word_1_296' title='bbox 871 3616 907 3666; x_wconf 89' lang='lat' dir='ltr'><strong>ut</strong></span> <span class='ocrx_word' id='word_1_297' title='bbox 932 3602 1031 3668; x_wconf 91' lang='lat' dir='ltr'><strong>verbo</strong></span> <span class='ocrx_word' id='word_1_298' title='bbox 1057 3598 1129 3668; x_wconf 62' lang='grc' dir='ltr'><strong>ιιι-Δ</strong></span> 
     </span>
     <span class='ocr_line' id='line_1_36' title="bbox 62 3690 1109 3790; baseline 0.009 -28"><span class='ocrx_word' id='word_1_299' title='bbox 62 3701 175 3767; x_wconf 68' lang='lat' dir='ltr'><strong>credam</strong></span> <span class='ocrx_word' id='word_1_300' title='bbox 189 3701 260 3768; x_wconf 91' lang='lat' dir='ltr'><strong>loh.</strong></span> <span class='ocrx_word' id='word_1_301' title='bbox 276 3711 307 3783; x_wconf 82' lang='lat'><strong>2,</strong></span> <span class='ocrx_word' id='word_1_302' title='bbox 325 3690 378 3769; x_wconf 80' lang='lat'><strong>2&#39;3.</strong></span> <span class='ocrx_word' id='word_1_303' title='bbox 401 3701 536 3771; x_wconf 73' lang='grc' dir='ltr'><strong><em>ἀκούειν</em></strong></span> <span class='ocrx_word' id='word_1_304' title='bbox 550 3704 620 3768; x_wconf 92' lang='lat' dir='ltr'><strong>loh.</strong></span> <span class='ocrx_word' id='word_1_305' title='bbox 636 3711 668 3786; x_wconf 90' lang='lat'><strong>9,</strong></span> <span class='ocrx_word' id='word_1_306' title='bbox 683 3711 735 3769; x_wconf 84' lang='lat'><strong>27.</strong></span> <span class='ocrx_word' id='word_1_307' title='bbox 752 3704 808 3769; x_wconf 93' lang='lat' dir='ltr'><strong>ubi</strong></span> <span class='ocrx_word' id='word_1_308' title='bbox 822 3728 853 3770; x_wconf 91' lang='lat' dir='ltr'><strong>v.</strong></span> <span class='ocrx_word' id='word_1_309' title='bbox 869 3724 939 3768; x_wconf 88' lang='lat' dir='ltr'><strong>nos.</strong></span> <span class='ocrx_word' id='word_1_310' title='bbox 958 3703 1109 3790; x_wconf 88' lang='lat' dir='ltr'><strong>Propert.</strong></span> 
     </span>
     <span class='ocr_line' id='line_1_37' title="bbox 61 3803 1108 3893; baseline 0.008 -27"><span class='ocrx_word' id='word_1_311' title='bbox 61 3805 85 3880; x_wconf 82' lang='lat'><strong>2,</strong></span> <span class='ocrx_word' id='word_1_312' title='bbox 99 3808 127 3866; x_wconf 92' lang='grc'><strong>6.</strong></span> <span class='ocrx_word' id='word_1_313' title='bbox 143 3803 418 3887; x_wconf 66' lang='grc'><strong>1161611111</strong></span> <span class='ocrx_word' id='word_1_314' title='bbox 432 3804 873 3893; x_wconf 70' lang='grc' dir='ltr'><strong>111161116661,61661ι’νιι’16</strong></span> <span class='ocrx_word' id='word_1_315' title='bbox 884 3811 1027 3893; x_wconf 79' lang='lat' dir='ltr'><strong>panaro?</strong></span> <span class='ocrx_word' id='word_1_316' title='bbox 1048 3808 1108 3874; x_wconf 92' lang='lat' dir='ltr'><strong>ubi</strong></span> 
     </span>
     <span class='ocr_line' id='line_1_38' title="bbox 60 3900 1107 3991; baseline 0.011 -28"><span class='ocrx_word' id='word_1_317' title='bbox 60 3900 133 3968; x_wconf 88' lang='lat' dir='ltr'><strong>idem</strong></span> <span class='ocrx_word' id='word_1_318' title='bbox 145 3903 278 3969; x_wconf 82' lang='lat' dir='ltr'><strong>verbum</strong></span> <span class='ocrx_word' id='word_1_319' title='bbox 288 3926 413 3991; x_wconf 79' lang='lat' dir='ltr'><strong>ponere</strong></span> <span class='ocrx_word' id='word_1_320' title='bbox 431 3905 495 3970; x_wconf 88' lang='lat' dir='ltr'><strong>alio</strong></span> <span class='ocrx_word' id='word_1_321' title='bbox 513 3928 612 3972; x_wconf 88' lang='lat' dir='ltr'><strong>sensu</strong></span> <span class='ocrx_word' id='word_1_322' title='bbox 636 3908 678 3971; x_wconf 87' lang='lat' dir='ltr'><strong>ad</strong></span> <span class='ocrx_word' id='word_1_323' title='bbox 700 3909 851 3972; x_wconf 88' lang='lat' dir='ltr'><strong>custodes</strong></span> <span class='ocrx_word' id='word_1_324' title='bbox 868 3907 1019 3990; x_wconf 85' lang='lat' dir='ltr'><strong>refertur,</strong></span> <span class='ocrx_word' id='word_1_325' title='bbox 1042 3909 1107 3975; x_wconf 90' lang='lat' dir='ltr'><strong>alio</strong></span> 
     </span>
     <span class='ocr_line' id='line_1_39' title="bbox 58 4003 1108 4099; baseline 0.011 -33"><span class='ocrx_word' id='word_1_326' title='bbox 58 4003 92 4067; x_wconf 86' lang='lat' dir='ltr'><strong>ad</strong></span> <span class='ocrx_word' id='word_1_327' title='bbox 104 4003 220 4075; x_wconf 82' lang='lat' dir='ltr'><strong>limina.</strong></span> <span class='ocrx_word' id='word_1_328' title='bbox 246 4004 409 4095; x_wconf 84' lang='lat' dir='ltr'><strong>Exempla</strong></span> <span class='ocrx_word' id='word_1_329' title='bbox 424 4005 521 4096; x_wconf 86' lang='lat' dir='ltr'><strong>plura</strong></span> <span class='ocrx_word' id='word_1_330' title='bbox 543 4011 708 4099; x_wconf 80' lang='lat' dir='ltr'><strong>congessit</strong></span> <span class='ocrx_word' id='word_1_331' title='bbox 724 4010 900 4080; x_wconf 69' lang='lat' dir='ltr'><strong>discissus</strong></span> <span class='ocrx_word' id='word_1_332' title='bbox 913 4008 1108 4078; x_wconf 85' lang='lat' dir='ltr'><strong>Animadvr.</strong></span> 
     </span>
    </p>
   </div>
   <div class='ocr_carea' id='block_1_5' title="bbox 0 0 1306 4746">
    <p class='ocr_par' dir='ltr' id='par_1_6' title="bbox 0 0 1306 4746">
     <span class='ocr_line' id='line_1_40' title="bbox 0 0 1306 4746; baseline 0 2"><span class='ocrx_word' id='word_1_333' title='bbox 0 0 1306 4746; x_wconf 95' lang='lat' dir='ltr'><strong> </strong></span> 
     </span>
    </p>
   </div>
  </div>
 </body>
</html>
