2604 4746
398 291 556 368 Carus
590 290 693 368 XII.
729 311 767 368 v.
795 298 829 366 8.
856 300 891 369 9.
1004 402 1006 407 ι
1096 306 1170 376 467

118 459 206 527 robis
230 456 466 544 confligendum
488 468 537 524 cst
553 478 624 522 errm
644 459 806 521 aerumnis
823 479 862 521 ac
876 459 960 521 varii
971 464 1101 544 generis
1117 445 1171 529 ca.
1272 446 1277 455 ’

118 559 321 639 lamitatibus,
344 559 419 623 inde
442 569 530 621 certo
552 557 706 642 colligere
726 560 882 641 potastis,
911 570 944 620 et
969 581 1029 623 vos
1050 583 1070 624 a
1093 560 1169 628 Deo
1231 593 1237 608 ι

117 665 221 743 amari,
244 672 367 725 etcum
383 671 526 722 vestrum
543 680 670 743 quoque
685 679 794 722 curam
813 679 944 744 gerere:
964 671 998 722 at
1020 662 1049 723 si
1070 661 1169 727 nullis

117 770 244 849 prorsus
276 760 475 824 exercemini
509 755 755 839 afflictionibus,
798 760 1002 824 metuandrun
1031 774 1096 843 est,
1127 785 1173 827 ne

117 861 200 926 Deus
224 882 284 924 vos
309 859 503 945 neglexerit.
525 857 649 931 πάντες
668 856 726 921 sol.
750 858 818 923 vici
840 858 955 945 quibus
971 857 1064 924 Deus
1079 864 1169 927 favet

118 962 181 1026 coll.
203 983 235 1025 v.
258 964 289 1024 6.
311 962 445 1044 respicit
464 960 601 1041 scriptor
624 959 721 1021 ctiam
743 958 785 1021 ad
800 980 857 1023 eos
872 959 911 1022 de
929 959 1045 1046 quibus
1066 978 1093 1025 ο.
1115 970 1164 1027 11.

119 1083 215 1124 sermo
234 1060 349 1123 fuerat.
372 1055 440 1143 ἄρα
462 1059 629 1121 transitum
647 1058 726 1122 iacit
748 1058 789 1121 ad
811 1080 860 1139 ea,
884 1082 966 1146 quac
980 1075 1094 1127 natura
1107 1086 1167 1128 sua

120 1161 252 1225 overbis
266 1163 417 1245 proxime
429 1155 701 1243 praecedentibus
715 1173 899 1244 sequuntur,
914 1173 948 1223 ut
962 1184 1025 1247 qua
1039 1184 1169 1228 sensum

121 1264 170 1327 sit:
190 1264 273 1329 iude,
286 1252 440 1346 sequetur,
462 1261 536 1324 inde
553 1268 652 1343 patet
670 1279 702 1322 v.
725 1258 830 1324 Waltl.
856 1259 947 1324 Clav.
968 1261 1076 1338 νόθος
1095 1285 1170 1348 spu-

120 1370 189 1442 rios,
203 1383 268 1425 non
282 1358 427 1445 legitimo
443 1358 613 1423 concubitu
624 1360 764 1443 genitus.
807 1359 1026 1425 Phavoriuus:
1050 1361 1168 1444 νόθος,

118 1460 190 1547 cipri
204 1457 334 1545 γνήσιος
350 1458 431 1539 υἱός,
446 1458 529 1534 Ιἄλλ’
550 1458 588 1524 ἐκ
609 1457 828 1535 παλλακίδος.
871 1460 1086 1549 „Plerumque
1112 1488 1170 1529 au·

117 1575 173 1629 tem
189 1562 311 1648 (verbis
331 1561 504 1645 Carpzooc's’
515 1559 608 1645 utor).
625 1562 694 1623 eius
715 1563 846 1644 generis
869 1561 1016 1627 sobolem
1038 1569 1175 1630 omnino·

114 1681 173 1727 uon
191 1658 302 1726 curant
316 1675 477 1746 parentes,
498 1681 664 1746 parvoque
679 1661 721 1724 ad
735 1659 832 1725 vilem
854 1661 984 1748 plebem
1007 1669 1170 1731 remittunt

112 1767 225 1846 pretio,
248 1784 308 1827 nec
321 1762 360 1825 de
375 1756 465 1826 illius
488 1760 689 1840 educatione,
710 1759 866 1842 moribus,
888 1765 965 1845 vita,
988 1766 1169 1831 actionibus
1210 1769 1215 1776 ’

112 1865 253 1946 solliciti,
270 1863 371 1949 χωρὶς
395 1857 549 1935 παιδείας
572 1857 790 1945 relinquunt.“
831 1862 875 1926 H.
898 1862 920 1926 l.
938 1864 1047 1940 νόθος
1068 1864 1175 1952 signi·'

111 1963 185 2029 ficat
208 1986 299 2046 eum,
333 1963 388 2047 qui
409 1981 475 2024 non
496 1961 635 2043 pertinet
665 1960 706 2023 ad
736 1959 802 2024 Dei
830 1962 985 2029 familiam
1016 1981 1170 2050 sanctam,

113 2087 206 2152 quem
222 2063 315 2129 Deus
335 2064 520 2140 detractat,
543 2072 578 2121 ut
596 2058 787 2148 plerumque
808 2061 957 2127 homines
981 2063 1070 2130 filios
1095 2089 1170 2154 spu·

110 2170 178 2230 rios
194 2177 331 2230 tractare
349 2158 464 2240 solent,
487 2162 540 2222 oui
552 2158 646 2224 Deus
661 2183 726 2224 noo
742 2162 841 2240 favet,
863 2185 957 2248 quem
981 2179 1045 2229 uon
1071 2158 1169 2233 curat.
1266 2224 1271 2247 ,

113 2263 283 2329 Caeterum
298 2266 333 2327 in
348 2260 520 2325 iudicanda
536 2273 569 2323 et
585 2258 779 2345 explicanda
801 2264 941 2347 imagine
957 2263 989 2328 h.
1007 2265 1029 2330 l.
1050 2290 1169 2354 propo·

110 2368 173 2430 sita
195 2365 407 2449 reputandum
431 2374 497 2440 est,
530 2359 645 2424 ardere
670 2363 862 2446 scriptorem
893 2365 999 2429 studio
1033 2367 1169 2433 afflictos

110 2466 268 2550 erigendi,
285 2478 317 2527 et
334 2487 354 2528 a
371 2464 551 2527 defectione
576 2481 641 2524 non
663 2459 875 2526 abhorrentes
897 2464 940 2527 ad
955 2471 1170 2534 constantiam

108 2565 281 2645 incitandi,
304 2583 407 2652 neque
430 2565 464 2626 in
485 2560 779 2647 comparationibus
808 2562 941 2648 singula
969 2588 1043 2632 esse
1074 2571 1170 2680 nimis

108 2665 295 2751 premenda.

195 2773 227 2831 9.
249 2765 393 2828 Allertur
415 2760 481 2825 alia
503 2740 607 2841 ratio,
629 2783 687 2824 our
707 2763 869 2846 patienter
891 2762 1081 2832 tolerandae
1107 2771 1173 2832 sint

111 2863 311 2929 calamitates
342 2876 475 2949 propter
507 2861 678 2946 religionis
714 2863 951 2947 professionem
974 2866 1172 2932 subeundae

107 2960 251 3029 Instituit
278 2965 414 3049 scriptor
436 2963 708 3046 comparationem
732 2962 922 3048 disciplinae
945 2973 1088 3051 parentis
1111 2969 1171 3033 hu-

109 3068 197 3129 mani
221 3088 292 3130 oum
316 3063 383 3129 Dei
406 3061 588 3146 disciplina.
630 3059 675 3126 V.
700 3068 730 3127 9.
755 3065 896 3155 continet
919 3073 1172 3149 argumentatio-

109 3184 185 3230 nem
204 3188 225 3228 a
245 3167 363 3230 minori
384 3165 425 3229 ad
446 3166 578 3257 maius3=
593 3176 625 3238 at
639 3184 671 3225 v.
688 3169 739 3226 19.
763 3183 808 3225 ex
829 3162 959 3228 diversa
980 3167 1171 3254 disciplinae

108 3269 234 3331 ratione
254 3263 398 3345 efficitur,
422 3262 487 3328 Dei
511 3261 713 3349 disciplinam
736 3282 810 3326 esse
834 3261 931 3349 longe
957 3275 1172 3349 praestantio-

108 3388 179 3433 rem
193 3381 225 3431 et
241 3365 465 3445 salubriorem,
488 3385 582 3451 quam
598 3375 725 3447 patrum
739 3363 933 3428 naturalium
955 3367 1171 3453 disciplinam.

108 3457 184 3534 εἶτα
200 3469 277 3541 τούς
290 3469 351 3551 μὲν
366 3468 424 3545 τῆς
441 3465 568 3551 σαρκός
578 3461 671 3549 ἡμῶν
684 3464 832 3550 πατέρας
846 3487 877 3541 κ.
896 3490 926 3531 τ.
940 3467 984 3552 is]
1007 3492 1075 3536 οιαιι
1090 3495 1172 3559 por·
1216 3552 1218 3563 Α

109 3593 148 3635 ro
162 3575 475 3655 expertiparentum
492 3577 674 3633 nostrorum
689 3568 886 3630 naturalium
900 3569 1100 3654 disciplinam
1115 3595 1170 3639 eos

112 3689 343 3736 revereremur.
386 3668 450 3732 Pro
468 3656 542 3734 sira
561 3665 638 3731 libri
659 3663 804 3729 nonnulli
826 3664 947 3730 habent
970 3666 1001 3733 εὶ
1018 3674 1065 3754 δὲ,
1087 3694 1171 3758 quae

109 3768 207 3835 lectio
224 3767 367 3832 librariis
384 3780 417 3831 et
430 3767 647 3854 grammaticis
670 3785 762 3831 suam
782 3770 940 3853 originem
963 3767 1170 3851 debet‚cum
1219 3770 1222 3776 ’

110 3870 376 3987 praecesseritv.
391 3873 421 3934 7.
443 3892 484 3951 ει,
507 3882 538 3932 et
554 3891 587 3932 v.
604 3873 634 3931 8.
649 3891 678 3930 ει
668 3862 741 3948 ’,δὲ
765 3867 856 3932 codd.
848 3890 990 3954 .magno
1006 3893 1167 3938 consensu

112 3956 327 4036 exhibent
293 3991 378 4034 εντα.
421 3969 514 4033 Hanc
535 3981 642 4037 autem
664 3957 912 4053 particulam
879 3991 953 4034 etta
975 3973 1169 4058 interpretes

111 4072 199 4137 haud
230 4071 327 4155 pauci
352 4070 539 4135 vertendam
571 4090 646 4133 esse
669 4081 802 4134 censent
825 4074 940 4134 stane?
959 4077 1101 4138 nectere?
1120 4075 1170 4141 Ac

112 4176 244 4303 saepius
266 4157 450 4257 quidem
418 4193 492 4236 ατο
510 4182 682 4258 usurpatur
703 4172 740 4235 iu
766 4170 1086 4273 interrogationibus
1087 4198 1170 4265 pace

866 4266 1008 4360 aga
