2604 4746
353 342 512 419 crrur
538 343 613 419 lx.
640 367 678 420 v.
701 351 761 419 τι.
787 352 847 424 28.
937 308 941 315 ”
1019 311 1131 427 Χτοο

85 496 218 572 Aeschiu.
234 495 370 587 Socii,
387 512 437 572 12.
459 505 539 575 ἀλλ’
553 505 726 590 ἀπέκειντο
746 510 788 600 τῇ
811 507 907 576 πόλει
926 512 1069 602 σωτῆρές
1091 538 1130 581 τε

85 611 130 672 καὶ
145 605 329 695 εὐεργέται,
354 605 475 686 ἐπειδή
490 632 528 693 με
541 608 586 685 εἷς
600 609 663 705 τήν
682 607 822 689 ἡλικίαν
835 607 1012 701 ἀφίκοιντο
1028 624 1132 699 pueri

85 711 253 774 ὀιοκοοτιάι·
262 720 335 772 mut
351 716 488 789 civitati,
513 718 662 796 tauquam
677 724 920 778 conservatores
937 721 1004 779 eius
1021 724 1054 778 et
1072 715 1124 778 be·

85 804 248 887 restiturum
262 819 424 886 auctores,
446 830 513 873 οντα
529 813 740 890 adoleverint,
755 810 880 889 fleturi.
923 812 1018 897 Philo
1039 815 1127 900 quod

87 921 126 974 et.
142 911 207 972 ius.
221 921 289 993 pot.
302 932 335 994 p.
352 914 424 974 178.
439 907 483 972 D.
505 906 665 996 καθάπερ
682 911 725 994 eci
738 909 943 996 ἀποκείμενα
964 913 999 979 ἕν
1017 914 1125 1005 σκότῳ

85 1011 248 1097 ε’κρνπται
261 1045 304 1058 -
318 1009 378 1075 τάν
395 1007 642 1095 αὐτὸντρόπον
659 1010 702 1075 τά
719 1011 943 1096 ἐνθυμήματα
965 1013 1001 1078 ἒν
1017 1013 1124 1101 ἀορά-

85 1135 105 1200 μ
118 1109 230 1200 χωρίῳ
245 1109 384 1200 διανοίᾳ
398 1110 589 1195 ταμιεύεται
603 1118 688 1177 sicut
703 1132 787 1197 quae
803 1121 837 1177 ιἰτ
857 1113 998 1179 tenebris
1012 1115 1124 1181 abdita

85 1223 132 1276 utt
154 1215 304 1276 celaretur
317 1247 359 1260 -
374 1217 481 1278 ecdem
502 1213 591 1276 mode
615 1218 824 1295 cogitationes
846 1220 888 1278 ια’
903 1218 1025 1280 occidte
1042 1220 1122 1299 Ιοοο,

85 1324 219 1407 ιιττοτιτο
241 1321 464 1378 assererentur.
514 1306 642 1378 Deinde
659 1314 788 1398 ponitur
808 1313 847 1376 de
868 1314 1017 1380 omnibus
1039 1330 1122 1404 quae

85 1414 198 1498 hquem
212 1423 354 1491 manent,
373 1412 430 1492 ita,
452 1423 488 1474 ut
511 1424 613 1477 nutet:
635 1416 771 1492 instare,
792 1434 933 1496 mernere,
951 1429 1120 1502 puratum,

85 1522 251 1578 estimatum
262 1533 331 1577 ecee
346 1524 381 1574 ut
394 1513 427 1576 h.
438 1509 462 1576 l.
478 1511 676 1594 Hesychius:
699 1511 889 1588 ἀπόκειται,
909 1514 1121 1601 tempestat.

85 1613 176 1679 ‚chilh
201 1612 275 1677 Tat.
290 1618 321 1692 3,
337 1620 388 1676 22.
411 1609 628 1678 incestasset
642 1636 697 1678 σοι
710 1613 792 1698 παρ’
807 1614 897 1692 αὐτῷ
910 1612 932 1694 ἡ
940 1614 1039 1703 χάρις
1052 1640 1120 1686 τιτα-

85 1713 143 1780 titt
161 1713 223 1780 titt
231 1721 355 1796 gratia,
377 1735 448 1779 eam
463 1714 566 1779 inibis.
588 1706 758 1779 Helio'do'r.
775 1721 976 1799 1,16.p.28.
1004 1711 1037 1781 εἰ
1052 1717 1119 1806 γάρ

85 1812 161 1879 stra
175 1808 377 1891 insistitur
390 1850 433 1862 —
450 1815 504 1879 σοὶ
518 1819 580 1900 μὲν
594 1812 772 1898 ἐλευθερία
791 1814 921 1899 μισθός
943 1815 1119 1883 ἀπαιτεῖτε·
1192 1832 1193 1835 ’

85 1938 118 1979 ιι.
156 1914 297 2000 Lougiu.
319 1914 358 1976 de
380 1912 514 1978 sublim.
535 1923 566 1995 9,
587 1920 618 1980 7.
653 1912 734 1999 ὑμῖν
756 1903 816 1998 μὲν
841 1915 1119 2000 δοσὸαιμονοῦοιν

85 2015 245 2083 τόκειται·
255 2012 359 2099 λιμήν
373 2015 484 2079 κακῶν
499 2011 519 2081 ὁ
532 2014 781 2092 θάνατοςοοόἰτ
795 2022 917 2082 miserie
934 2039 1028 2097 mors,
1050 2039 1119 2084 mu·

85 2113 291 2204 »rumpemus
308 2107 436 2204 parete
456 2126 517 2180 eet.
534 2113 675 2201 'loseph
689 2115 771 2180 Ant.
784 2115 935 2179 Prooem.
949 2117 977 2192 §.
993 2121 1023 2180 3.
1047 2117 1119 2191 τοῖς
1157 2107 1159 2111 ’

85 2220 140 2285 *τοῦ
162 2213 276 2305 γνώμῃ
301 2216 600 2282 κατακολουθοῦσι
619 2254 662 2264 -
683 2213 1013 2300 μέραςτάδαιμονίας
1037 2215 1118 2304 πρό·
1211 2275 1213 2279 .

85 2342 170 2385 ειται
185 2317 278 2401 παρά
299 2318 384 2383 Θεοῦ
399 2325 455 2404 qut
467 2315 538 2381 Dei
545 2318 707 2383 voluntati
717 2325 842 2405 parent
855 2351 897 2363 -
908 2321 950 2380 iis
962 2314 1117 2393 felicitas

85 2431 91 2479 ‚²
97 2425 279 2508 praemium
296 2429 424 2504 parata
448 2430 508 2482 eet.
530 2412 621 2494 ἀπαξ
640 2415 852 2502 ἀποθανεῖν]
872 2413 936 2478 Vis
952 2417 1039 2480 inest
1055 2412 1116 2480 το-

85 2520 170 2586 rbulo
187 2513 292 2599 ἅπαξ,
313 2520 409 2582 semel
428 2528 549 2581 tautum
570 2519 770 2599 moriendum
796 2514 845 2581 es't
865 2514 1059 2598 hominibus,
1081 2531 1113 2581 et

85 2624 154 2687 utel
164 2631 287 2684 tautum
304 2617 450 2682 Christus
464 2632 608 2684 mortuus
626 2632 689 2699 est;
712 2641 816 2707 neque
830 2616 996 2707 hominis)
1011 2638 1115 2704 neque
1226 2670 1230 2676 ,

85 2722 179 2786 hristi
199 2736 287 2784 mors
309 2719 452 2783 iteratur.
474 2719 617 2805 urstisii
640 2706 870 2802 τοῦτο’κρίσις
889 2716 1014 2781 scilicet
1029 2717 1115 2783 ἀπό·
1215 2749 1218 2754 ·

85 2847 164 2889 ειται
174 2818 313 2909 posthac
324 2821 483 2900 iudicium,
506 2842 613 2885 coram
637 2820 759 2886 Christi
780 2819 900 2881 iudicio
925 2816 1115 2903 computen-

85 2912 132 2989 rm¹
144 2934 206 3000 est,
230 2924 301 2983 cum
316 2917 358 2981 ad
370 2916 454 2981 illud
471 2920 689 2984 exercendum
706 2918 825 2983 redibit
839 2939 871 2981 τ.
892 2923 943 2981 28.
960 2923 991 2996 6,
1008 2925 1039 2981 2.
1062 2923 1115 2998 10,

85 3031 102 3090 '.
132 3019 297 3100 2Cor.5‚
320 3025 371 3084 10.
414 3018 619 3085 Vocabulum
645 3016 750 3107 κρίσις
776 3018 942 3084 Sciulziue
970 3013 1115 3101 explicat
1196 3007 1201 3022 ⁸

85 3151 89 3186 ι
116 3121 244 3186 Christi
266 3119 382 3185 iudicis
408 3123 568 3184 sententia
590 3118 850 3185 condemnetoria
870 3115 1028 3205 improbis
1053 3136 1115 3180 ex·
1144 3121 1146 3123 ’

85 3323 224 3390 ιάΙοοτττ
241 3327 292 3402 10,
306 3323 358 3384 27.
381 3322 436 3407 qui
453 3319 595 3401 affertur,
620 3332 731 3384 nostro
746 3339 811 3384 ττοττ
835 3330 885 3382 est
906 3316 1002 3402 plane
1024 3317 1114 3382 simi·

85 3447 102 3506 ι,
125 3424 247 3486 diserte
267 3419 314 3483 ibi
335 3435 552 3485 memorantur
569 3412 775 3501 ὑπεναντίοι,
800 3418 834 3483 h.
848 3416 871 3481 l.
895 3431 1003 3482 autem
1019 3439 1114 3504 prae-

85 3525 152 3588 essit
168 3524 241 3597 τοῖς
255 3517 459 3604 ἀνθρώποις.
841 3537 845 3541 ·

136 3628 188 3687 28.
210 3621 273 3686 Pro
288 3608 397 3695 οὕτος·
413 3618 442 3709 o‘l
456 3617 606 3706 Χριστός
632 3616 876 3699 (ἕτιότάοοΙάντ,
897 3610 1113 3696 Matthaeus,

85 3723 234 3811 ἷιταμμίτιτ,
252 3718 425 3801 'Schultess
453 3720 591 3787 Veteres
604 3721 792 3783 auctoritate
808 3722 1000 3806 optimorum
1019 3716 1112 3780 codd.

85 3838 201 3890 tuerss,
217 3823 316 3908 antiq.
332 3822 469 3906 permoti
485 3820 721 3906 rescripserunt
743 3812 830 3886 οὕτω
845 3813 934 3884 καὶὸ
954 3814 1113 3900 Χριστός.

85 3919 165 3986 ''erha
177 3916 271 4000 ἅπαξ
291 3922 545 4008 προσενεχθεὶς,
565 3925 662 3987 semel
680 3919 805 3986 otiatur
818 3931 968 4005 tanquam
982 3917 1113 3981 victima

85 4022 236 4104 insularis,
266 4022 310 4106 (7,
332 4028 383 4086 27.
407 4017 541 4109 ἐφάπαξ
562 4018 679 4086 ἑαυτὸν
701 4016 892 4107 ἀνενέγκας)
914 4016 1112 4104 respondent

85 4118 163 4186 *erbis
175 4144 206 4188 τ.
222 4127 273 4187 27.
296 4117 389 4199 ἅπαξ
403 4119 607 4187 ἀποθανεῖν.
651 4119 727 4185 Νοττ
743 4122 875 4207 scripsit
891 4132 1003 4185 noster
1024 4137 1111 4183 mor·

85 4235 143 4302 suu,
161 4224 193 4288 iu
203 4243 332 4290 crucem
351 4233 443 4287 actus
457 4235 518 4306 est,
540 4223 617 4309 quia
632 4233 728 4290 antea
743 4222 787 4287 de.
797 4221 928 4290 Christo
945 4218 1110 4309 pontifice,

787 4323 819 4390 Y
839 4329 860 4388 2
