2604 4746
377 318 538 429 Cantor
563 319 662 394 ΧΙΙ.
695 342 732 434 ν.
759 285 833 434 511,x
877 287 881 293 ⁶
916 312 944 423 J
1015 310 1123 396 ⁵471

81 485 276 549 »rofessione
291 485 381 568 pacis
395 484 490 570 atque
504 485 733 548 sanctimoniae
747 485 895 548 studium.
924 481 1032 559 Quare
1048 487 1127 548 scri-¹
1232 508 1234 516 ’

81 597 143 648 »tor
161 584 301 648 lectores
326 605 404 648 suos
430 583 637 662 exhortatur,
655 598 708 648 sut
730 606 843 668 pacem
866 605 937 649 cunr
966 585 1126 665 omnibus,

81 688 168 748 tiam
183 685 377 748 aduersariis
391 681 508 765 colant,
530 696 566 745 ut
576 685 739 748 neminem
756 682 896 767 laedant,
911 689 1018 749 omnia
1033 690 1126 749 omit·

81 797 149 864 ant,
164 807 255 870 ¹quae
277 784 483 848 adversarios
503 787 631 848 irritare
648 786 785 868 possint,
810 787 848 848 de
869 788 940 849 iure
958 778 1017 850 'suo
1032 787 1126 850 dece·
1220 772 1228 783 ἰ

81 884 158 962 lant,
186 882 353 948 commoda
365 903 423 946 sua
437 886 528 966 pacis
541 886 780 948 conservationi
799 897 1006 970 postponant·
1024 885 1126 966 „Dis·'

81 987 195 1048 ociata
217 972 384 1062 societate,
405 994 440 1045 ut
466 987 612 1068 apposite
636 985 677 1048 ad
700 984 732 1048 h.
751 983 774 1047 l.
806 987 929 1049 monuit
954 987 1125 1074 Impietas,
1206 972 1209 978 ἢ

81 1087 224 1148 ransitus
240 1082 280 1145 ad
294 1082 393 1157 aliurn
411 1097 536 1148 coetum
549 1084 656 1149 facilis
674 1101 740 1159 est3
763 1087 793 1149 si
813 1097 981 1168 praeterea
1004 1086 1132 1150 crebris·
1194 1120 1199 1128 ι

81 1186 157 1247 ixia
171 1185 321 1245 inimicos
336 1183 439 1246 adhuc
458 1185 652 1262 irritassent,
672 1188 705 1248 in
728 1187 865 1248 exitium
887 1206 964 1250 sane
985 1189 1135 1250 ruissent·

81 1284 301 1368 ¹›reaccipitesf‘
323 1282 456 1349 διώκειν
481 1283 612 1368 proprie
638 1284 767 1348 denotat
788 1276 966 1370 persequi}
983 1307 1061 1350 cnm
1075 1289 1131 1367 is,
1217 1270 1220 1277 ἰ

81 1389 128 1471 μή
144 1378 508 1470 alterurnperseqbitur,
530 1405 653 1446 summo
675 1386 780 1449 studio
794 1386 829 1448 in
852 1406 892 1448 eo
914 1384 1068 1467 elaboret,
1091 1397 1148 1449 ut‘

81 1506 147 1547 sum
178 1484 301 1566 capiat:
339 1478 466 1548 διώκειν
490 1483 742 1548 ut¹Latinorum
759 1493 929 1571 persequi,
966 1485 1128 1570 significat

81 1588 170 1648 etiam
190 1591 243 1648 νοι·
256 1572 391 1647 alicuius
415 1585 588 1649 studiorum
608 1606 686 1649 eme.
730 1585 864 1650 Suirlas:
887 1585 1027 1679 διώξειν,
1048 1586 1127 1650 οἰντὶ
1212 1572 1223 1590 '

81 1689 135 1752 roi
147 1685 325 1768 ἐπιθυμεῖν
337 1683 394 1746 καὶ
409 1682 605 1767 ὀρέγεσθαι.
626 1672 807 1768 Χοοζθντ.
823 1692 853 1765 8,
869 1694 901 1750 1.
916 1692 967 1751 39.
997 1683 1126 1751 διώκειν

81 1786 120 1849 εδ
135 1781 235 1849 καλοί.
264 1785 374 1867 Eurip.
389 1782 458 1847 Ion.
473 1791 547 1848 440.
570 1783 702 1868 α’ρετοίς.
729 1782 822 1849 Rotas
839 1791 869 1864 9,
883 1792 933 1850 30.
955 1781 1129 1851 δικαίοοδ-

81 1907 144 1966 νην.
174 1883 353 1966 1Cor.14,
376 1891 406 1949 1.
436 1883 500 1964 τήν
522 1882 666 1966 οἰγοίιιην.
696 1885 758 1949 Sir.
782 1890 838 1966 27,
856 1892 886 1949 8.
917 1883 1126 1951 salinator.

81 1987 143 2050 Cic.
156 1987 182 2048 F
184 1989 229 2048 in.
247 1992 275 2066 1,
292 1993 344 2050 21.
366 1996 468 2051 artem
474 1992 637 2073 persequi.
679 1985 825 2050 Hebraei
840 1987 952 2049 eodem
967 1987 1127 2049 modousi
1241 2062 1243 2067 .

81 2101 148 2151 sunt
159 2085 260 2149 verbo
275 2097 337 2173 qun
353 2108 384 2150 v.
398 2087 496 2151 Prov.
513 2093 564 2167 15,
581 2094 631 2151 10.
652 2086 734 2150 llos.
750 2091 782 2166 6,
797 2093 828 2151 3.
855 2085 909 2150 Ps.
928 2092 979 2162 34,
998 2094 1047 2154 14.
1070 2086 1139 2149 ubi·

81 2186 175 2252 LXX
191 2185 327 2251 habent:
352 2185 496 2266 ζήτησον
516 2185 662 2274 εἰρήνην,
683 2189 741 2250 καὶ
766 2183 883 2263 δι’ωξον
907 2182 1023 2264 ον’τήν.
1041 2222 1044 2229 =
1065 2185 1139 2250 Per·

81 2287 243 2372 νίγιοιομόν
273 2287 539 2370 Chrysostomns,
575 2284 819 2367 Theodoretus,
855 2275 1141 2370 TheophylactuS,’

81 2388 304 2468 oecumenius,
328 2410 372 2451 ex
387 2386 621 2469 recentioribus
637 2385 866 2472 interpretibus
888 2385 1053 2449 Bonorum
1076 2386 1145 2447 in·‘

81 2491 222 2575 telligunt
237 2497 420 2572 castitatem
435 2510 497 2574 quo
517 2488 698 2572 significatu
720 2487 782 2551 boc
800 2483 992 2551 vocabulum
1006 2484 1126 2570 legitur

81 2591 188 2655 l'l'im.
199 2595 309 2670 2,15.;
331 2591 370 2653 ad
387 2587 468 2651 banc
483 2589 673 2652 sententiam
687 2580 1031 2673 doyeniase'uirlentur,
1052 2587 1128 2669 quia

81 2711 107 2755 ν.
132 2676 182 2755 16.
205 2701 467 2783 commemoratur
489 2687 623 2773 πόρνος.
659 2684 971 2771 Δὃνάξήιΐίὀιί,εοιιειι
987 2685 1022 2749 Ιι.
1035 2683 1057 2748 Ι.
1073 2706 1127 2750 na·

81 2790 228 2874 piendum
252 2801 310 2852 est.
353 2787 495 2852 Nonnuli
515 2788 685 2872 οἰγιαομοῢ
702 2790 896 2855 montionem
916 2789 1031 2851 factam
1054 2805 1128 2847 esso

81 2874 227 2955 statuunt⁸
246 2896 428 2973 propterea,
446 2892 589 2965 ,ut'recte
619 2889 854 2974 intelligeretur
882 2887 1058 2951 cohortatio
1087 2883 1142 2946 ad²
1168 2943 1170 2949 1

81 2989 225 3076 εἰρήνην,
246 3011 361 3074 nempe
376 3011 489 3075 paoem
505 3011 576 3075 cum
589 2989 736 3065 omnibus
749 2995 795 3053 ita
813 2987 978 3052 colendam
992 3005 1077 3064 esse,
1093 2996 1146 3046 ut·

81 3093 173 3157 simul
201 3103 375 3176 praecepta
395 3089 574 3174 roligionis,
594 3076 794 3152 officiaDeo
820 3087 930 3154 debita
950 3092 1145 3163 serventur,

81 3211 141 3256 non
156 3190 367 3275 negligantur.
411 3190 569 3270 Balentium,
591 3181 626 3252 in
642 3189 731 3265 cuius
748 3191 939 3251 sententiam
961 3184 1146 3250 discedere·

81 3291 184 3355 nullus
206 3291 327 3372 dubito,
346 3277 507 3376 primum,
519 3293 632 3374 inquit,
654 3284 803 3376 εἰρήνην,
823 3289 938 3352 deinde
961 3282 1147 3369 ἁγιασμόν

81 3388 195 3456 adiecit
215 3394 329 3455 eodem
350 3412 458 3469 sensu,
480 3412 543 3475 quo
565 3397 580 3454 1
598 3391 736 3470 Petu-4,
753 3396 804 3454 15.
827 3388 979 3474 legimus,
997 3407 1062 3449 non
1085 3381 1149 3446 ob*

81 3492 161 3558 mala
174 3492 259 3555 facta
271 3493 339 3575 pati
354 3491 476 3581 aliquid
490 3489 608 3554 debere
623 3490 826 3569 christianos,
848 3490 906 3554 sed
922 3489 1040 3552 sanctis
1059 3494 1143 3548 men-'¹

81 3594 185 3674 ribus,
215 3594 384 3677 animoque
407 3597 462 3676 pio
488 3592 662 3676 praeditos.
692 3583 731 3656 οὗ
746 3593 856 3677 χωρὶς4
873 3587 984 3664 οὐδεὶς
1009 3585 1150 3669 ὄψεται

81 3693 137 3769 τὸν
157 3691 282 3777 κύριον]
308 3715 370 3781 qua
390 3689 666 3778 dertr'tuturaemo
684 3696 838 3759 domiuum
862 3690 996 3769 videbit,
1017 3708 1129 3751 versa·

81 3787 165 3856 bitur
188 3815 257 3858 curn
281 3815 318 3857 eo
342 3796 364 3856 i.
383 3815 412 3856 e.
431 3795 593 3876 particeps
617 3795 678 3856 erit
703 3791 868 3857 lelicitatis
893 3802 967 3876 post
992 3792 1135 3852 mortem*

81 3914 221 3957 summae
239 3894 278 3956 cf.
297 3917 378 3979 quae
393 3895 432 3957 de
456 3893 515 3959 hac
536 3892 673 3958 formula
695 3890 936 3957 observavimus
959 3890 1000 3952 ad
1014 3888 1129 3953 Matth.

81 3999 110 4072 5,
126 4000 156 4058 8.
187 3991 392 4057 Dissentiunt
407 3991 610 4077 interpretes,
632 4007 738 4057 utrum
752 4016 810 4077 per
824 3991 882 4057 τὸν
897 3988 1022 4085 Κύριον
1036 3988 1133 4052 Chri*

81 4105 158 4173 stus,
182 4114 224 4156 an
235 4090 566 4178 Deusintelligendns
583 4096 644 4158 sict
666 4092 764 4178 Vulg.
786 4094 895 4155 vertit:
918 4093 1033 4158 Deum.
1075 4090 1130 4152 Ex
1197 4080 1200 4085 ’

81 4195 227 4282 apposito
240 4192 374 4260 articrrlo
390 4215 454 4264 uon
469 4192 580 4280 colligi
601 4191 903 4282 potestsignificari
920 4194 1130 4260 Christumr.
