2604 4746
30 375 34 384 ,
128 342 204 451 394
258 344 261 353 ’
338 334 343 340 “
404 320 406 324 ”
464 335 870 414 CuuquI.v.4„-

127 509 277 591 quoitur‚
299 506 420 590 respici
433 515 546 591 putant
560 502 671 570 locum
689 501 772 568 Gen·
786 513 819 585 4,
834 510 883 570 10..
907 504 965 571 nbi
980 505 1015 585 in
1033 514 1160 594 versione

35 618 38 628 “
126 605 351 708 Alexandrina
380 603 516 690 legitur:
553 603 649 693 φωνή
683 595 829 688 αἵματος
864 605 929 706 τοῦ
951 605 1100 694 ἀδελφοῦ
1119 631 1163 676 ooo

127 706 232 794 (Deus
255 705 438 774 hisverbis
457 704 594 773 Cainum
615 705 775 775 allocutus
796 727 869 772 esse
896 705 1096 795 perhibetur)
1114 709 1166 797 βοᾷ

125 805 208 896 πρός
226 831 271 892 με
290 806 327 873 ἐκ
352 809 413 888 τῆς
433 810 509 891 γῆς·
532 820 628 894 atque
649 806 856 873 haeoverba
876 805 918 870 de
945 807 1165 879 immortalitate

63 931 68 946 “
125 913 387 994 interpretantur.
450 906 501 972 Ita
535 912 600 982 iam
634 908 729 976 Philo
764 906 866 971 uerba
903 907 1072 973 intellexit
1107 910 1164 975 Lib.

127 1010 212 1096 quod
235 1010 377 1072 deterior
397 1009 567 1072 insidietur
585 1009 707 1097 potiori
728 1031 760 1094 p.
783 1012 856 1074 164.
877 1007 918 1073 Β.
945 1008 985 1098 ζῇ
1005 1009 1041 1074 δὲ
1065 1009 1123 1090 τήν
1141 1009 1167 1076 ἐν

128 1110 199 1187 Θεῷ
215 1107 304 1188 ζωήν
318 1105 521 1191 εὐδαίμονα,
539 1105 742 1195 μαρτυρήσει
767 1108 804 1174 δὲ
826 1106 865 1173 td
885 1105 1043 1195 χρησθὲν
1060 1108 1166 1193 λόγιον,

126 1210 162 1275 ἕν
183 1201 210 1298 ᾦ
230 1210 324 1299 φωνῇ
340 1205 509 1296 χρώμενος
530 1210 589 1273 καὶ
603 1204 746 1294 βοῶν-
759 1203 944 1296 εὑρίσκεται
963 1216 1046 1276 uicit
1066 1218 1100 1281 io
1112 1195 1168 1276 Deo

125 1317 224 1389 citam
237 1308 478 1394 felicissimam,
500 1330 573 1375 acm
598 1316 810 1393 tertimpm'um
825 1309 1022 1396 otpertum
1041 1309 1077 1381 S,
1095 1310 1167 1377 Scri·

119 1424 236 1500 ptura‚
256 1417 290 1476 c'u
307 1432 369 1496 quo
384 1413 508 1485 diserte
523 1414 653 1496 loquens
667 1420 701 1476 ct
721 1415 863 1478 clamans
883 1418 1064 1498 reperitur.
1085 1408 1126 1478 ib.
1142 1433 1167 1497 p.

114 1517 197 1578 Ἰ168.
214 1509 253 1578 Β.
281 1509 321 1600 ζῇ
337 1512 396 1596 μὲν
409 1506 475 1594 γάρ
491 1507 510 1574 ὁ
525 1508 692 1576 τεθνάναι
704 1513 827 1593 δοκῶν,
847 1509 915 1595 εἴγε
931 1512 991 1579 καὶ
1007 1511 1119 1590 ἱκέτης
1134 1504 1168 1576 dt

129 1607 226 1690 Θεοῦ,
248 1612 307 1675 καὶ
326 1610 421 1702 φωνῇ
436 1604 605 1700 ’χρώμενος
625 1609 814 1716 adcinxerat
835 1619 915 1679 eicit
931 1621 1016 1679 enim
1035 1612 1168 1700 (Abelns)

125 1719 179 1798 qui
192 1723 334 1778 mortuus
347 1721 568 1798 existimator,
591 1717 841 1805 quondoquidem
858 1720 1026 1799 reperitur
1047 1718 1168 1800 suppleo

69 1832 72 1839 ⁴
123 1811 369 1898 Deumalloqcct'.
411 1814 584 1881 lacteolo
597 1837 727 1880 sensum
744 1813 916 1891 verborum
938 1817 985 1878 ita
1004 1818 1168 1899 constituit:

39 1977 44 1983 .
124 1914 247 1979 Cainus
261 1912 371 1997 abeli,
393 1913 466 1979 Deo
486 1913 528 1979 ob
551 1913 650 1980 fidem
669 1919 746 1996 cari,
769 1939 889 2002 eorpus
913 1927 1040 1981 tentum
1062 1914 1168 1979 interfi-

124 2038 197 2088 oere
211 2019 326 2102 potuit,
349 2036 414 2081 non
432 2037 512 2082 vero
534 2018 676 2082 animum
694 2016 802 2081 delere
818 2009 1002 2082 Matth.·1o.
1018 2023 1071 2082 28.
1088 2022 1167 2082 etiam

123 2130 197 2204 post
216 2127 357 2183 mortem'
370 2115 444 2182 Deo
466 2118 547 2181 vivit
560 2117 649 2189 Luc.
672 2124 725 2199 20,
745 2124 802 2197 37.
819 2124 870 2182 38.
887 2119 1167 2196 Moldcabccerot,

122 2222 178 2307 qui
191 2232 266 2304 post
286 2215 493 2299 ἀποθανών,
514 2220 610 2283 incisi
630 2230 739 2285 notam
758 2218 942 2304 ponendam
968 2239 1044 2283 esse
1064 2232 1165 2305 censet,

121 2319 223 2384 verba
243 2321 290 2383 ita
311 2321 554 2404 interpretatur:
578 2333 610 2385 et
632 2332 802 2407 postquam
822 2318 1073 2405 propter·fidem
1092 2343 1165 2386 suan

121 2420 308 2500 trucidatus,
331 2432 427 2509 atque
455 2423 537 2487 adeo
557 2435 703 2495 mortuus
724 2433 812 2502 erat,
836 2421 939 2484 adhue
960 2418 1112 2507 loquitur,
1128 2422 1162 2486 lo

121 2542 222 2606 quens
239 2522 373 2602 sistitur,
397 2523 472 2588 dum
489 2527 622 2609 sanguis
637 2525 708 2587 eius
722 2520 862 2597 clamare
878 2522 1004 2586 dicitur.
1036 2522 1164 2588 Butam

121 2623 176 2709 qui
190 2623 303 2685 vertit:
322 2644 384 2708 per
398 2629 499 2708 ipsmo
514 2629 600 2698 c'llom
608 2624 714 2701 fidem
728 2635 871 2688 mortuns
886 2623 1002 2701 adbuc,
1026 2636 1061 2690 ut
1080 2625 1163 2688 estin

121 2725 224 2787 sacris
244 2722 402 2804 historiis,
424 2726 566 2808 loquitor
586 2748 618 2811 Ρ.
633 2731 713 2790 845.
738 2722 865 2794 scribit:
887 2723 939 2789 his
961 2723 1009 2789 nil
1035 2728 1098 2790 nisi
1115 2726 1162 2787 im·

119 2822 323 2890 mortalitatis
339 2823 447 2907 Abeli,
471 2838 503 2888 et
516 2825 604 2889 illius
622 2825 751 2911 quidem
764 2816 890 2889 faustae
907 2825 977 2888 sine
995 2825 1093 2892 dubio
1107 2826 1160 2910 (ne-

120 2950 182 3013 que
195 2937 302 2990 tamen
321 2925 416 2990 simul
432 2924 546 2991 salutis
563 2925 714 2990 coelestis
729 2927 796 3011 ipsi
806 2928 871 2992 iam
882 2948 1058 2992 eoncessae
1073 2940 1103 2992 et
1114 2947 1160 2994 eur

118 3028 241 3092 hibitae
255 3026 330 3092 coll.
345 3049 376 3092 v.
390 3027 454 3118 39.)
473 3049 588 3112 nempe
603 3038 735 3113 propter
754 3025 853 3091 fidem
876 3027 1038 3094 sacrificio
1061 3030 1158 3094 editam

120 3129 268 3209 donatae,
289 3133 408 3193 mentio
424 3132 614 3194 continetur,
658 3125 877 3203 Quamobrem
891 3128 1032 3193 absurde
1043 3130 1157 3194 fecerint

119 3230 277 3314 profecto,
301 3232 371 3315 qui,
400 3231 478 3316 quid
499 3232 628 3294 tandem
651 3240 762 3293 auctor
784 3226 925 3292 Abelum
947 3241 1156 3314 postmortem

106 3334 455 3418 *locotomcogitasseq
479 3332 709 3416 quaesiverint.
731 3328 805 3395 Non
823 3331 909 3393 enim
923 3330 996 3411 hoc,
1019 3327 1154 3405 velillud,

49 3474 53 3479 -
117 3428 207 3516 loqui
222 3414 294 3494 eum
305 3427 483 3512 affirmavit,
498 3433 556 3494 sed
570 3434 658 3516 loqui
670 3432 811 3510 omniuo,
821 3432 884 3515 ipsi
898 3433 1018 3517 quippe
1034 3432 1154 3497 tribuens

117 3531 167 3611 id,
193 3531 279 3618 quod
297 3535 331 3594 in
351 3531 395 3596 V.
415 3531 457 3596 Τ.
478 3532 607 3594 deeius
629 3535 785 3615 sanguine
812 3532 931 3596 dictum
954 3546 1023 3611 est,
1053 3531 1152 3599 seilicet

117 3641 300 3714 sangninem
322 3632 395 3717 (hoc
416 3620 502 3716 αἷμα
527 3632 692 3694 interime
712 3635 816 3696 nostri
829 3635 997 3702 memoria
1016 3633 1097 3703 haud
1112 3628 1152 3692 ab·

113 3735 220 3800 fuisse
243 3745 334 3819 patet
357 3755 401 3796 ex
424 3739 475 3813 12,
496 3739 548 3795 24.
584 3753 647 3817 quo
674 3734 802 3817 quidem
822 3733 896 3798 loco
919 3732 1076 3798 hactenus
1095 3729 1151 3805 ulio,

71 3853 74 3860 ’
117 3837 194 3921 quid
212 3835 369 3922 qualeque
387 3830 529 3896 locutum
544 3830 627 3894 illud
641 3832 750 3915 fuerit,
774 3856 851 3899 sane
869 3834 1097 3923 quodammodo
1113 3851 1151 3892 co-

117 3940 243 4023 gitavit)
266 3958 325 4022 pro
345 3934 474 4010 homine
498 3945 662 3997 cruentam
685 3948 822 3999 mortem
841 3957 958 4019 passo,
987 3947 1151 4022 quamquam

118 4062 158 4103 eo
172 4039 312 4102 nondum
327 4031 499 4122 inooelum
515 4047 657 4120 recepto,
681 4057 740 4121 per
755 4039 984 4118 metonymiam
1002 4037 1150 4121 adcipiem,

118 4152 214 4223 atque
228 4141 263 4201 in
279 4141 352 4221 ipso
369 4131 474 4198 Abelo
489 4132 571 4204 illud
587 4136 714 4217 λαλεῖν,
737 4139 766 4204 si
786 4157 919 4205 sensum
944 4148 1081 4223 spectes,
1099 4148 1150 4195 unu

119 4233 183 4301 soli
195 4231 263 4299 mvi
275 4232 367 4322 loqui
381 4232 519 4313 soleant
541 4255 605 4298 nou
621 4240 750 4320 mortui,
773 4237 823 4302 est
844 4235 889 4309 id,
913 4236 1000 4325 quod
1018 4242 1108 4320 baete
1123 4248 1164 4319 ot*
