2632 4740
407 258 567 381 Cornu
592 305 668 380 111.
704 329 742 380 v.
770 314 829 381 11.
858 316 916 387 19.
1119 255 1221 392 113

118 466 326 534 destinatum.
362 468 477 535 Tacite
491 470 543 535 his
549 470 670 536 'verbis
685 474 822 557 scriptor
836 477 971 539 innuere
985 476 1098 562 voluit,
1112 482 1190 566 quid

125 564 320 634 eventurum
335 583 427 636 esset
446 570 635 655 lectoribus,
654 574 711 660 qni
735 576 871 639 surmnis
894 597 915 639 a
928 573 1002 640 Deo
1020 577 1188 647 beneficiis

127 669 229 734 allecti
244 682 374 752 essent,
394 670 468 736 coll·
487 692 520 737 v.
535 677 586 735 16.
603 671 720 760 quibus
740 675 930 759 contigisset
947 697 1008 760 per
1022 679 1199 751 Christum,

127 770 265 835 doctriua
279 771 390 836 divina
410 770 623 837 ost-felicitatis
643 775 829 859 promissio,
851 775 882 837 si
899 794 1009 840 mores
1027 781 1186 847 maiorum

130 874 331 953 imitarentur,
353 883 386 934 et
406 870 572 937 aChristo
594 872 778 939 delicerent.
822 870 944 939 Verbis
966 871 1186 964 ἁμαρτήσαν.

132 995 184 1056 τις,
196 970 464 1053 σ’πειθὴσαντες,
485 969 648 1059 ἁμαρτία,
666 969 842 1056 ὠπεὶθεια,
863 967 1005 1041 ἀπιστία
1019 985 1184 1046 ν.13.18.

135 1081 176 1142 19.
187 1074 369 1162 promiscue
386 1074 525 1157 scriptor
539 1094 619 1138 usus
636 1086 697 1157 est,
719 1076 777 1156 ita,
799 1085 835 1137 ut
852 1094 970 1139 sensus
984 1079 1110 1159 ratione
1125 1079 1184 1143 ha·
1216 1112 1220 1119 ·

103 1230 105 1255 ,
136 1173 286 1241 bitaidem
302 1170 514 1236 declararent.
536 1164 735 1258 Hesychius:
757 1173 922 1260 α’πειθής,
940 1172 1185 1260 ἂννπότακτος,

103 1272 105 1281 '
136 1272 269 1352 ἄπιστος.
310 1273 484 1337 Peccatum
499 1271 873 1361 Israelitarumpositum
889 1278 1014 1340 eratin
1035 1276 1185 1343 diffiden-
1230 1328 1233 1337 ,

137 1381 171 1442 tia
183 1389 212 1442 et
223 1375 299 1440 inde
313 1385 386 1438 orta
401 1373 592 1438 defectione.
634 1373 840 1440 Vocabulum
860 1373 962 1461 κῶλα,
983 1399 1048 1463 quo
1066 1376 1182 1445 ludaei

137 1477 334 1543 Alexandrini
356 1472 454 1555 Num.
473 1480 529 1556 14,
552 1480 734 1562 29.·quem
751 1472 859 1540 locum
882 1489 993 1540 noster
1019 1481 1180 1563 respexit,

102 1652 105 1665 Ι
137 1575 219 1642 llebr.
234 1589 329 1645 111118
348 1585 593 1660 expresserunt,
607 1597 628 1638 a
643 1573 779 1641 Graecis
795 1576 1008 1662 scriptoribus
1025 1578 1071 1641 ita
1085 1601 1181 1646 usur·

102 1670 107 1771 ξ
137 1691 210 1764 petor
223 1692 260 1743 ut
273 1674 437 1764 significet
452 1682 597 1764 corporis
615 1674 753 1740 membra
774 1683 915 1762 quaevis,
934 1679 1103 1762 speciatim
1119 1703 1179 1768 pc·
1241 1746 1247 1759 ,

102 1776 108 1899 Ι
137 1782 177 1846 des
189 1779 288 1866 Soph·
300 1777 442 1845 Philoct.
457 1784 511 1842 42.
529 1776 635 1841 κῶλον
652 1774 828 1840 Scholiast.
845 1772 947 1840 πόδα.
964 1776 1081 1864 Eurip·
1095 1779 1178 1848 ileo.

102 1902 107 1993 p
137 1885 207 1946 1148.
231 1879 296 1955 τοὶς
311 1879 395 1964 ἔμας
410 1866 499 1964 εἶχον
508 1877 609 1964 χέρας
621 1877 680 1941 καὶ
697 1877 799 1955 κῶλα.
819 1875 941 1941 Phoen.
953 1883 1046 1942 1421.
1070 1883 1179 1966 κῶλον

102 2008 104 2017 ·
136 1975 227 2056 δεξιόν
247 1976 389 2066 προβάς.
415 1976 569 2060 Aeschyl.
590 1978 699 2044 Prom·
720 1983 795 2044 323.
825 1975 911 2066 πρὸς
930 1976 1052 2066 κέντρα
1072 1983 1179 2050 κῶλον
1268 2056 1272 2069 Ι

102 2082 107 2117 ¹
135 2077 263 2155 brescio.
289 2074 446 2143 Athenae.
460 2084 491 2143 8.
506 2100 540 2162 p.
553 2083 626 2144 349.
650 2078 722 2153 τοῖς
743 2076 866 2152 κώλοις
892 2072 1046 2165 ἕρῥωμαι.
1073 2079 1178 2167 Apol-

101 2124 111 2271 ,ἰ
134 2178 216 2247 lodor.
231 2188 262 2262 3,
277 2186 308 2263 5·
323 2187 354 2244 8.
384 2179 546 2264 γεννᾶται
564 2176 636 2264 ’γὰρ
659 2175 847 2262 τετράπουν
864 2175 991 2267 βρέφος
1011 2182 1084 2257 τοῖς
1105 2184 1178 2250 τέτ-

101 2302 108 2335 ι·
133 2305 228 2371 τιρσιν
257 2277 439 2368 ὀχούμενον
463 2276 587 2353 κώλοις.
621 2277 694 2341 add.
718 2279 830 2365 Eurip·
852 2276 923 2362 Iph.
945 2280 980 2341 in
1000 2280 1077 2345 Aul.
1102 2289 1175 2352 614.

101 2352 106 2399 ι
132 2380 211 2450 libes.
226 2389 301 2447 211.
321 2379 431 2444 Mede.
448 2383 541 2448 1178.
563 2378 761 2462 Hesychius:
785 2378 894 2453 κῶλα,
917 2375 1043 2463 πόδες,
1059 2385 1176 2467 σκέλη,
1291 2413 1300 2430 ·

108 2524 111 2529 -
132 2480 208 2566 hro,
228 2482 323 2569 μέλη.
365 2479 409 2544 Η.
424 2477 448 2542 Ι.
463 2478 686 2562 significantur
708 2483 874 2546 σαάσοιισ
891 2480 939 2568 (ut
948 2478 1054 2569 'Vulg.
1065 2489 1175 2573 vertit)

130 2585 170 2650 rel
180 2588 372 2651 cadauerum
382 2592 466 2646 occa.
487 2576 604 2646 ἔπεσεν
617 2580 653 2645 ἐν
665 2581 704 2670 τῇ
717 2578 829 2670 ἐρήμῳ
840 2580 931 2642 vario
945 2584 1041 2653 ruodo
1057 2588 1175 2672 inipso

129 2685 229 2752 itinere
249 2683 417 2769 perierunt
440 2701 472 2743 v·
494 2677 591 2744 Num.
611 2687 662 2760 21,
685 2687 716 2746 5.
746 2680 801 2763 Ps.
826 2685 897 2745 106.
931 2688 946 2743 1
966 2682 1043 2747 Cor.
1066 2694 1117 2766 10,
1142 2693 1173 2753 5.

114 2782 183 2853 lud.
196 2809 229 2851 v.
245 2790 276 2850 5.
296 2782 360 2846 Pro
372 2777 489 2847 ἔπεσεν
513 2787 528 2843 1
547 2779 623 2843 Gor.
645 2778 668 2843 l.
685 2779 708 2844 Ι.
729 2778 849 2866 legitur
870 2783 1174 2867 κατεστρώθησαν,

128 2907 177 2973 quo
198 2883 299 2951 verbo
320 2886 516 2966 interpretes
537 2880 755 2945 Alexandrini
775 2882 827 2945 usi
849 2893 923 2945 suut
937 2880 1037 2968 Num,
1054 2893 1103 2966 14,
1121 2892 1174 2951 26.

127 2981 259 3052 Verbum
272 2980 404 3051 πίπτειν
426 3003 489 3069 quo
513 2983 612 3045 etiam
627 2979 749 3044 Paulus
770 3004 849 3047 usus
874 2994 924 3044 est
948 2989 963 3044 1
982 2978 1123 3065 Corio,
1141 2993 1172 3051 8.

127 3099 153 3151 nt
162 3076 336 3152 Hebr‘brr
349 3082 524 3147 adhibetur
533 3081 573 3145 de
586 3082 640 3162 iis,
653 3082 709 3165 qui
725 3081 816 3146 clade
831 3081 984 3144 divinitus
1000 3081 1090 3148 illata
1102 3108 1172 3151 mo·

129 3189 233 3252 riunt'ur
248 3184 366 3250 Erech.
382 3189 415 3265 6,
432 3188 481 3247 11.
505 3181 545 3246 de
561 3184 709 3261 mortuis,
733 3184 788 3268 qui
801 3181 893 3245 strati
909 3182 1016 3245 iacent
1029 3181 1124 3251 ludd.
1137 3197 1172 3268 4,

132 3290 169 3350 22
187 3295 202 3352 1
220 3287 308 3351 Sam.
321 3289 373 3368 31,
389 3290 420 3349 8.
442 3281 561 3347 Achill.
578 3280 695 3362 rate,
709 3288 759 3346 13.
782 3277 978 3346 καταπεσών
990 3278 1096 3350 ἔκειτο
1111 3287 1172 3355 τὸν

130 3377 214 3453 ὕπνον
234 3380 417 3452 καθεύδων
438 3384 497 3449 τοῦ
519 3380 706 3471 φαρμάκου
725 3383 853 3446 veneni.
876 3380 987 3446 ubi-v.
1002 3383 1171 3455 Iacodsius

194 3593 244 3654 19.
264 3586 324 3650 καὶ
344 3605 460 3672 quare,
481 3591 591 3670 itaque
609 3594 646 3647 nt
667 3581 770 3648 Marc.
786 3586 817 3663 3,
833 3588 886 3646 22.
917 3587 968 3663 12,
985 3590 1037 3650 37.
1065 3585 1169 3652 Hebr.
1201 3662 1203 3667 ¹

128 3677 205 3770 3553!
225 3687 312 3776 quod
335 3688 369 3751 οἱ
387 3683 416 3751 o'
438 3693 672 3770 expresserunt
696 3680 854 3766 particula
876 3681 933 3745 καὶ
955 3680 1019 3747 Ier.
1041 3695 1095 3766 44,
1118 3694 1170 3751 23.

123 3786 379 3868 516.Ιοε.5,25.
402 3782 462 3850 οὐκ
479 3781 704 3863 ἠδυνήθησαν
719 3782 914 3848 Abresclu’uc
937 3782 1029 3845 reddi
1050 3783 1171 3850 voluit:

118 3891 289 3954 noluerunt·
340 3885 456 3972 Neque
479 3887 593 3971 negari
613 3894 721 3969 potest
742 3880 918 3950 δύνασθαι
940 3885 1072 3966 saepius
1092 3892 1171 3971 poni
1290 3888 1295 3897 ’

114 3992 263 4074 procelle
278 4008 311 4051 v.
324 3987 512 4052 Palairetue
528 3985 569 4048 ad
588 3982 658 4047 loh.
671 3989 702 4062 8,
716 3990 770 4048 43.
784 3996 817 4047 ct
834 4005 894 4047 nos
914 3982 956 4046 od
970 3981 1074 4047 Maro.
1089 3990 1121 4067 6,
1138 3993 1169 4053 5.

112 4087 346 4154 scdretinenda
360 4098 410 4150 est
428 4086 460 4150 h.
476 4083 500 4149 l.
521 4082 666 4169 vulgaris
682 4082 775 4147 verbi
796 4083 1007 4169 significarim
1025 4104 1090 4148 nou
1106 4107 1169 4172 po.

111 4199 241 4258 tscrssi
256 4191 390 4268 intrare,
412 4185 497 4272 quod
512 4183 610 4249 fidem
626 4195 658 4248 et
673 4182 864 4270 obsequium
877 4182 1084 4348 dleinegarant.
