2632 4740
379 257 544 367 Gerar
568 257 663 337 Vll.
697 279 736 336 v.
759 263 821 337 27.
846 263 907 336 28.
1092 274 1174 369 Ι217
1231 268 1252 304 ”

124 424 259 493 solebant
274 428 310 492 in
332 424 441 516 locum
461 425 663 510 superiorem
686 444 775 507 arae,
797 425 840 490 ad
858 444 954 513 quarn
972 447 1033 513 per
1050 435 1173 518 gradus

124 509 369 599 adscendentlnnr
381 539 461 609 erat,
485 547 585 613 quare
600 528 699 590 etiam
714 524 755 588 ab
774 524 939 591 Hebraeis
954 530 1106 596 victima
1095 557 1170 620 ipsa

125 620 368 718 nechaoubssir
382 627 423 692 ab
440 619 504 693 1151
520 628 732 707 adscendere,
750 628 832 712 quia
844 630 880 691 in
895 649 985 694 aram
1003 639 1098 717 quasi
1112 640 1169 703 ad.

125 717 293 793 scendebat.
333 727 399 794 Ριο
414 723 538 801 θυσίας
550 724 624 788 DE.
638 724 681 790 al.
698 726 845 791 nonnulli
860 727 951 792 codd.
967 727 1087 798 habent
1102 739 1169 804 θυ.

125 827 199 911 olor,
229 824 482 914 eglossemat03
518 848 593 890 nam
617 837 653 888 nt
684 836 771 889 recte
801 825 986 891 observavit
1008 830 1168 922 Bt'lmtus,

125 929 243 1014 pluralis
257 949 409 993 numerus
427 925 589 991 adhibitus
604 937 664 1007 est,
688 926 816 1013 quiade
835 927 982 1012 pluribus
1005 935 1168 1015 pontifici·
1211 990 1215 998 .
1264 1006 1267 1017 ,

126 1028 181 1110 bus,
199 1029 294 1116 plura
312 1026 534 1109 offerentibus,
556 1048 661 1091 sermo
685 1038 744 1090 cst.
773 1023 893 1093 ἔπειτα
915 1029 980 1094 τῶν
1002 1035 1064 1100 τσῦ
1085 1039 1170 1109 λαοῦ

127 1133 253 1196 conferre
266 1128 391 1194 iuvabit
403 1152 443 1196 ea
456 1148 538 1216 quae
555 1126 717 1211 disputata
735 1138 808 1190 sunt
827 1129 959 1209 11.5,1.
981 1135 1082 1201 τοῦτο
1101 1142 1168 1228 γάρ

127 1228 241 1311 incisos
271 1225 406 1318 ἐφάπαξ
428 1229 488 1293 boc
515 1233 596 1293 enim
622 1231 720 1309 semel
739 1227 841 1304 fecit.
890 1229 1075 1301 Reseranda
1095 1256 1170 1306 sunt

126 1328 189 1394 baec
201 1330 303 1396 verba
315 1330 356 1394 ad
371 1351 412 1393 ea
433 1350 515 1415 quae
531 1329 682 1413 proxime
701 1343 950 1426 praecesserunt
969 1333 1032 1399 hoc
1056 1360 1169 1409 sensu:

124 1433 193 1514 quod
211 1434 324 1494 attinet
338 1428 476 1493 officium
488 1427 652 1512 pontificis
664 1448 724 1512 pro
736 1428 858 1513 populo
873 1431 1034 1500 sacrificia
1046 1439 1169 1507 facien·

127 1528 160 1609 (li,
177 1529 400 1616 populumper
410 1526 605 1593 sacrificium
619 1529 786 1613 expiandi,
808 1528 901 1594 Iesus
915 1531 1058 1601 Messias
1070 1562 1170 1609 unum

127 1639 228 1697 tautum
242 1629 450 1711 sacrificium,
469 1630 566 1715 idque
581 1640 740 1713 perpetuo
751 1627 941 1714 valiturum,
965 1634 1091 1703 obtulit.
1113 1643 1169 1709 Sic

127 1730 259 1812 iubata,
282 1735 333 1793 17.
355 1731 454 1794 τοῦτο
476 1728 589 1792 ultimo
610 1727 683 1793 loco
702 1731 855 1852 positum,
877 1734 994 1798 referri
1011 1732 1108 1806 debet
1128 1745 1170 1808 ad
1264 1791 1272 1806 .

126 1826 336 1911 στενάζοντες
382 1830 514 1896 Gratias
526 1828 627 1895 rerba
640 1829 739 1895 coito
744 1829 817 1951 'yolo
830 1830 961 1913 ἐποίησε
977 1835 1114 1924 ἐφάπαξ
1127 1845 1169 1908 atl
1256 1836 1262 1843 ’
1284 1918 1287 1923 ,

127 1950 234 1997 omnem
251 1932 431 1996 orationem
450 1942 672 2017 antegressam
689 1953 851 2020 προτερον
869 1955 898 1997 κ
914 1958 944 2000 τ
959 1936 988 2000 λ.
1005 1945 1169 2022 pertinere
1256 1993 1288 2017 ,,

92 2022 97 2033 ’
128 2045 261 2114 autumat,
281 2031 369 2120 quod
387 2043 494 2095 tamen
515 2054 588 2096 oum
609 2044 720 2117 aperto
739 2046 898 2116 repugnet
915 2037 957 2098 iis
974 2058 1055 2123 quae
1070 2062 1103 2106 v.
1118 2049 1169 2107 16.

127 2126 157 2192 tle
177 2131 302 2198 Christo
321 2132 446 2232 peccati
471 2142 607 2216 experte
627 2131 780 2216 leguntur
801 2132 874 2197 add.
893 2141 994 2213 4,15.
1021 2138 1170 2228 ἁμαρτία

127 2236 224 2319 accipit
243 2234 282 2297 de
306 2221 473 2296 doloribus
495 2234 551 2319 qui
570 2231 676 2296 solent
700 2253 827 2318 poenae
839 2246 1057 2322 peccatorum
1082 2266 1168 2327 esse,

127 2350 192 2414 quos
211 2333 360 2400 Christus
384 2344 518 2418 propter
536 2346 671 2418 peccata
689 2318 855 2417 1ιοιιι1ιιιιιιι
873 2336 1073 2423 sustinuerit,
1100 2357 1132 2407 et
1151 2368 1171 2410 a
1201 2332 1204 2337 ¹

125 2432 226 2515 quibus
241 2457 300 2519 per
311 2445 448 2499 mortem
463 2430 673 2497 acceleratam
683 2410 839 2498 liberatus
853 2435 961 2502 fuerit.
1004 2439 1171 2513 Absonam

126 2529 192 2601 bunc
204 2537 501 2621 interpretationem
517 2554 591 2597 esse
610 2534 825 2618 iudicandam,
848 2548 880 2600 et
898 2535 940 2601 ab
956 2558 1017 2604 usn
1033 2542 1171 2637 loquen-

127 2631 200 2701 diN.
214 2637 255 2704 Τ.
272 2635 422 2715 alienam,
443 2654 554 2714 nemo,
576 2655 632 2720 qm
621 2633 735 2698 nulla
748 2656 901 2720 opinione
915 2659 1172 2731 praeoccupatus
1226 2717 1230 2721 ,

126 2733 159 2797 al
175 2739 255 2804 hunc
275 2737 383 2803 locum
402 2733 574 2821 legendnm
589 2735 775 2818 accesserit,
797 2736 918 2803 infitias
936 2739 1007 2806 ibit.

94 2838 97 2845 ’
195 2848 245 2907 28.
266 2834 483 2929 ὁνόμοςιὶιί.
496 2843 561 2897 not.
579 2833 668 2899 adv.
685 2841 735 2898 11.
753 2841 803 2899 16.
818 2844 869 2903 19.
892 2834 1172 2929 γᾶριιοιιιιιιιιιιιιι
1213 2851 1217 2863 ’

126 2953 233 3020 spoctm
246 2940 396 3026 proxime
414 2948 625 3020 antegressa,
643 2937 703 3000 sed
725 2939 834 3000 omnia
849 2961 931 3027 quae
954 2940 993 3004 de
1013 2942 1173 3011 discrimi-

124 3051 158 3099 ne
171 3036 433 3125 interpontifices
447 3036 614 3100 Leviticos
637 3048 670 3099 et
692 3034 858 3116 Christum
879 3039 1064 3125 pontificem
1087 3026 1175 3113 dicta
1197 3058 1201 3065 “

123 3151 213 3204 etant.
254 3138 378 3204 Verbis
396 3132 611 3223 ἄνθρωιιοι”
592 3157 725 3222 agnosse
748 3135 937 3205 ἀσθένειαν
956 3140 1010 3226 (11
1024 3140 1086 3208 hoc
1100 3168 1173 3214 voc.
1240 3168 1246 3181 ·

121 3232 334 3320 11111114,
352 3243 403 3304 15.
427 3243 458 3319 5,
470 3237 514 3322 2.)
529 3234 750 3322 significantur
766 3237 915 3304 homines
928 3256 1124 3326 peccatores
1140 3261 1174 3312 et

117 3338 352 3407 nortaleteoll.
366 3359 399 3402 v.
415 3334 534 3403 23227.
575 3336 680 3402 Miror
693 3337 856 3404 Bilmtam
870 3340 1056 3426 (praeeunte
1070 3348 1175 3416 Hein-

116 3440 244 3528 n'cluio)
261 3441 342 3505 haec
356 3437 458 3502 verba
470 3436 668 3523 explicuisse
682 3450 803 3502 tantum
818 3439 858 3505 de
870 3442 986 3508 morali
1000 3447 1174 3515 imbecilli·
1276 3462 1288 3491 ⁸

115 3538 190 3621 tate,
204 3563 276 3607 cum
287 3552 393 3604 tamen
403 3540 475 3624 ipse
492 3539 620 3620 notarit,
641 3537 832 3624 particulam
844 3539 909 3627 yolo
921 3565 985 3608 non
1000 3557 1122 3616 tantum
1134 3573 1175 3616 ea

119 3651 197 3717 quae
213 3643 363 3728 proxime
378 3652 624 3725 praecesserunt
646 3651 805 3725 spectare.
848 3640 937 3708 Male
951 3643 1121 3712 Ernestt‘as
1142 3663 1176 3715 et

122 3732 287 3810 Mataeta
301 3741 344 3806 ad
356 3743 516 3805 Petreium
529 3761 589 3823 por
602 3739 665 3818 τήν
678 3737 865 3806 aasentias
887 3755 1011 3808 tantum
1027 3739 1176 3813 naturam

126 3844 268 3908 caducam
289 3852 322 3906 et
333 3838 503 3907 mortalem
521 3839 716 3926 intelligunt.
737 3836 944 3923 καθίστησιν
961 3845 1025 3909 vid.
1041 3845 1129 3928 ιιι15,
1144 3855 1175 3913 1.

127 3934 310 4029 ὁλόγος
267 3966 326 4023 της
339 3935 547 4027 ὁρκωμοσίας
563 3942 695 4005 effatum
708 3939 774 4005 Dei
787 3943 992 4010 iureiurando
1014 3943 1177 4015 firmatum

126 4047 296 4112 111111.
318 4047 402 4122 116,
418 4046 467 4112 18.
499 4043 560 4121 τῆς
581 4040 686 4125 μετά·
713 4039 803 4107 Bene
823 4043 990 4112 Bibmias:
1010 4048 1094 4128 ,τῆς
1111 4069 1177 4114 non

122 4149 175 4219 τοῦ
187 4146 298 4237 posuit
312 4155 435 4226 auctor,
457 4135 648 4232 quamquam
662 4146 845 4230 praecessit
856 4142 977 4231 λόγου,
999 4147 1076 4236 quia
1087 4149 1123 4211 in
1135 4150 1178 4242 τῇ

344 4340 349 4349 .
896 4247 925 4314 R
