2604 4746
377 298 540 377 aanor
565 283 918 409 x11.‘·v.·2o:·*et;’
1091 292 1175 381 aaa

106 453 676 557 ὅροις,θαιιὶιῳτιλιυτὴσει.”13.
696 457 756 552 οὐχ
781 455 928 535 ἅπτεται
957 464 1166 556 αὐτοῦ’χεΐρ·

105 568 144 634 ἐν
158 567 226 657 γάρ
242 565 705 663 λίθοιςθλιθοβοληθήσεται,
729 565 753 646 ἢ
773 564 886 651 plebiis
896 586 899 592 ’
911 568 1168 651 novercatur}-

104 688 219 734 σεται·
240 665 300 734 ἐάν
314 691 349 732 τε
361 669 493 749 κτῆνος,
511 665 574 737 ,ἰσὶν
589 688 624 732 τι
637 664 835 752 ἄνθρωπος,
855 666 897 733 ot
911 665 1060 748 ζήσεται.
1092 672 1167 738 lte-

103 770 204 854 patiit
226 789 266 832 ca
289 778 421 850 tantum,
451 791 533 856 quae
556 769 720 832 auditores
741 769 889 852 inprimis
910 760 1117 853 pelturbasse
1132 791 1167 838 et
1235 854 1237 859 Ι

106 869 261 933 affecisse
277 870 383 932 videri
395 868 564 950 debebant,
586 881 622 931 ut
636 871 685 932 rei
699 890 811 932 sacrae
829 864 997 934 Mosaicae
1011 874 1168 938 severita-

106 981 176 1034 tem
192 971 435 1035 demonstraret.
478 969 592 1034 Tanta·
604 981 674 1032 erat
690 970 725 1032 in
747 968 807 1032 hac
820 967 1025 1054 legislatione
1046 976 1168 1042 severi·

109 1084 175 1152 tas,
198 1084 295 1135 utne
315 1069 508 1134 animalibus
525 1069 652 1156 quidem
669 1068 772 1134 brutis
787 1080 819 1133 et
842 1072 1063 1154 inscientibus,
1085 1096 1168 1161 quaa

109 1171 273 1236 cancellos
287 1179 399 1235 sacros
414 1171 516 1234 monti
531 1170 558 1232 ι’
576 1248 582 1257 „
651 1169 762 1233 ductos
779 1170 844 1233 Ex.
863 1177 914 1250 19,
933 1179 983 1237 12.
1000 1179 1051 1238 23.
1072 1170 1168 1239 attin·

112 1275 239 1358 gerant,
260 1282 417 1358 parceret.
439 1188 685 1356 otpeeowlibe,
708 1277 865 1336 sustinere
888 1270 1033 1356 Hesych.
1053 1275 1170 1362 φέρειν

113 1406 158 1421 -
171 1369 357 1457 ὑπομένειν.
378 1371 466 1436 ch.
483 1369 588 1436 Anabi
597 1376 642 1452 ’3,
651 1378 680 1435 1.
693 1376 748 1435 23.
767 1367 905 1453 σώματα
919 1370 1100 1459 ἱκανώτὲρα
1112 1376 1171 1441 ccl

109 1468 217 1560 ψύχη,
238 1473 296 1537 καὶ
312 1470 447 1552 θάλπη,
466 1472 523 1537 καὶ
537 1470 794 1559 πόνοιςφέρειι.
813 1469 947 1534 Herodi.
964 1478 994 1552 3,
1007 1466 1062 1540 13.
1075 1483 1106 1541 4.
1120 1476 1168 1560 μή

116 1571 266 1660 φέροντά
282 1597 317 1638 τε
333 1571 397 1648 ταὶς
416 1569 466 1648 εἰς
489 1570 593 1638 αὐτὸν
613 1565 735 1658 ὕβρεις.
763 1569 903 1635 Lucian.
913 1572 989 1637 dial.
1008 1576 1102 1641 mort.
1116 1584 1169 1659 15,

113 1680 146 1740 4.
160 1686 246 1739 extr.
270 1675 389 1760 φέρειν
403 1685 435 1737 et
451 1672 635 1758 ἀνέχεσθαι
661 1671 797 1735 Herodi.
811 1680 843 1751 4,
859 1680 909 1736 14.
926 1680 976 1738 19.
999 1674 1114 1759 φέρειν
1138 1691 1172 1741 et

115 1772 292 1856 ὑπομένειν
306 1775 549 1858 coniunguntur.
591 1769 738 1836 Verbum
753 1771 1020 1839 διαστέλλεσθαι
1033 1779 1169 1855 edicere,

119 1877 321 1952 interdicere,
335 1865 394 1939 hac
409 1877 539 1938 notione
553 1874 695 1937 maxime
711 1871 795 1958 apud
809 1875 1006 1936 recentiores
1026 1872 1171 1942 Graecos

121 1977 292 2060 scriptores
311 1973 487 2039 adhibitum
506 1973 642 2058 legitur,
663 1985 699 2035 ut
712 1994 763 2058 ap.
779 1971 892 2054 Polyb.
909 1994 940 2036 v.
957 1975 1081 2040 Reickei'
1091 1977 1172 2042 Ani·

122 2075 244 2139 madvv.
264 2075 304 2139 ad
316 2077 426 2140 Auctt.
440 2073 512 2139 Gru.
527 2072 604 2138 Vol.
618 2080 650 2138 4.
671 2095 703 2158 p.
720 2077 791 2138 153.
803 2071 900 2137 Diod.
918 2073 983 2137 Sic.
998 2096 1032 2158 p.
1044 2079 1120 2140 262.Ι
1131 2067 1187 2142 B.

123 2197 149 2241 v.
164 2176 331 2243 llitntltior
345 2176 386 2240 ad
402 2175 550 2255 Marcii,
568 2179 621 2239 43.
649 2172 860 2257 Participium
876 2171 916 2237 τό
939 2173 1173 2261 &morell-‹ipa-

122 2298 189 2358 ιον,
209 2292 244 2340 ut
263 2277 303 2343 τὸ
316 2273 574 2366 φανταζόμενον
585 2295 617 2335 v.
632 2277 683 2336 21.
695 2274 762 2337 vim
779 2272 979 2348 substantivi
995 2274 1116 2342 obtinet
1137 2301 1171 2344 v.

123 2376 295 2453 Fischercs
315 2377 507 2468 Animarlvv.
529 2373 571 2437 ad
592 2373 725 2438 Weller.
739 2372 818 2439 Vol.
837 2381 865 2437 1.
881 2395 913 2458 p.
931 2380 993 2441 323
1007 2397 1056 2464 sq.
1078 2381 1173 2453 Mat,

108 2478 205 2543 'tln'ee
227 2480 424 2544 Gr'emmotilt
450 2476 512 2540 ΤΙι.
523 2481 554 2538 2.
579 2476 609 2551 ᾗ.
626 2479 699 2538 269.
715 2478 796 2540 570.Ι
817 2471 935 2540 ‘Verba
955 2475 1106 2562 vulgatae
1124 2480 1174 2545 le-

121 2578 234 2641 ctionis
259 2577 355 2640 huius
380 2598 412 2639 v.
437 2575 551 2639 ultima
581 2563 739 2658 ἦβολὶὃι·
759 2572 1095 2663 κατατοξευθήσιται
1115 2584 1175 2655 out
1277 2595 1278 2598 ’

121 2682 226 2744 uculo
238 2677 455 2760 transfigatur
467 2680 502 2739 in
515 2676 665 2762 plurimis
681 2686 713 2738 et
724 2668 972 2761 probatissimis
994 2680 1086 2746 codd.
1108 2703 1174 2747 non

120 2789 242 2859 extant,
266 2781 371 2852 necin
382 2799 485 2841 verss.
501 2781 641 2862 antiquis
656 2795 819 2861 expressa
835 2788 920 2858 sunt,
943 2800 1045 2864 eaque
1060 2803 1079 2844 e
1094 2785 1180 2853 scris

120 2877 267 2965 ptoribus
296 2876 525 2942 ecclesiasticis
554 2878 706 2957 Graecis,
735 2872 845 2939 nullus
863 2887 991 2960 praeter
1015 2877 1178 2951 Occume÷

120 2983 208 3046 nium
221 2981 310 3066 legit.
355 2977 481 3062 Nempe
496 2983 674 3065 migrarunt
691 2999 709 3040 e
732 2978 882 3039 versione
897 2974 1120 3046 Alexandrina
1140 2985 1176 3049 in

120 3081 151 3146 h.
170 3081 195 3147 l.
218 3103 317 3169 quare
341 3102 381 3144 ea
401 3081 581 3143 rectissimo
604 3099 650 3142 ax
670 3067 782 3140 ordina
811 3077 975 3140 eiecerunt
994 3072 1181 3165 Bengelt'ua,

123 3182 368 3262 (inculcatius,
397 3181 619 3261 Mottboeeier,
641 3177 831 3264 Knappt'os,
856 3175 1022 3260 sotorum,
1045 3193 1077 3245 et
1101 3206 1177 3250 can-

121 3283 214 3348 cellis
228 3283 357 3347 inclusit
379 3282 525 3348 Vaterno.

131 3425 135 3431 -
204 3389 256 3448 21.
279 3379 364 3449 οὕτω
380 3385 530 3470 φοβερόν
543 3372 587 3462 ἦν
598 3381 639 3448 τὸ
651 3377 923 3472 φανταζόμενον]
941 3384 1021 3448 odeo
1033 3386 1178 3454 terrain

122 3493 197 3549 erat
218 3485 300 3549 illud
316 3490 425 3548 ιίιιιιιι.
467 3484 560 3549 Haec
583 3484 776 3568 interposita
796 3500 870 3549 asse
891 3493 1004 3565 putant
1028 3497 1180 3572 tanquam

121 3586 157 3646 in
170 3584 357 3671 parenthesi
370 3583 429 3649 Er.
444 3597 476 3648 et
491 3584 565 3650 set.
588 3583 774 3660 Schmidiuo,
798 3581 1038 3669 Grterbocbt'us,
1063 3585 1180 3662 Solot-

123 3693 189 3765 ttts,
209 3683 393 3770 Ksappios,
420 3686 556 3750 Veteres
574 3683 617 3748 al.
640 3685 735 3746 etiam
761 3680 1051 3768 Wetsteot‘cspost
1069 3689 1125 3752 xci
1149 3700 1182 3752 et

123 3774 386 3873 Μαζόμινον
400 3777 607 3870 interpungit.
649 3781 760 3846 Recto.
803 3780 917 3869 Neque
935 3784 1060 3867 desunt,
1073 3798 1109 3850 ut
1123 3811 1181 3851 aa·

125 3874 251 3949 notavit
271 3887 445 3972 Knoppe'ur
468 3885 607 3970 Opuscc.
620 3905 653 3967 p.
671 3889 743 3946 244.
768 3884 925 3947 eiusmodi
942 3886 1182 3969 parenthesium

124 3984 374 4070 parenthesibus
390 3989 583 4050 insertarum
599 3980 751 4066 exempla
771 3982 807 4050 in
829 3984 1027 4050 Graecorum
1048 3985 1183 4052 Latino·
1233 3986 1235 3990 '

127 4104 262 4171 rumque
287 4088 435 4170 scriptis,
471 4073 634 4152 oratorum
659 4087 844 4177 praecipua,
866 4085 957 4149 velut
980 4108 1032 4176 ap.
1056 4087 1124 4153 Cic.
1149 4092 1187 4175 in

127 4185 220 4253 Orat.
237 4208 298 4273 pro
316 4186 363 4252 Μ.
377 4183 491 4254 Coelio
505 4208 534 4254 o.
548 4196 579 4259 3.
593 4197 684 4258 eutr·¹
703 4199 737 4253 at
761 4183 840 4255 alibi
862 4194 985 4273 saepo.
1011 4185 1080 4257 Iam
1101 4210 1182 4264 vcro
