<?xml version="1.0" encoding="UTF-8"?>
<!DOCTYPE html PUBLIC "-//W3C//DTD XHTML 1.0 Transitional//EN"
    "http://www.w3.org/TR/xhtml1/DTD/xhtml1-transitional.dtd">
<html xmlns="http://www.w3.org/1999/xhtml" xml:lang="en" lang="en">
 <head>
  <title>
</title>
<meta http-equiv="Content-Type" content="text/html;charset=utf-8" />
  <meta name='ocr-system' content='tesseract 3.04.00' />
  <meta name='ocr-capabilities' content='ocr_page ocr_carea ocr_par ocr_line ocrx_word'/>
</head>
<body>
  <div class='ocr_page' id='page_1' title='image "./dchristianitheo00kuehgoog_0549.png"; bbox 0 0 2604 4746; ppageno 0'>
   <div class='ocr_carea' id='block_1_1' title="bbox 439 283 1246 424">
    <p class='ocr_par' dir='ltr' id='par_1_1' title="bbox 439 270 1246 424">
     <span class='ocr_line' id='line_1_1' title="bbox 439 283 1246 424; baseline 0.009 -27"><span class='ocrx_word' id='word_1_1' title='bbox 439 317 752 409; x_wconf 71' lang='lat' dir='ltr'>casurum.</span> <span class='ocrx_word' id='word_1_2' title='bbox 788 345 826 424; x_wconf 69' lang='lat' dir='ltr'>v.</span> <span class='ocrx_word' id='word_1_3' title='bbox 853 283 887 402; x_wconf 84' lang='lat' dir='ltr'>&#39;a</span> <span class='ocrx_word' id='word_1_4' title='bbox 1119 334 1197 419; x_wconf 67' lang='lat'>1519</span> <span class='ocrx_word' id='word_1_5' title='bbox 1245 417 1246 420; x_wconf 6' lang='grc' dir='ltr'><em>ρ</em></span> 
     </span>
    </p>
   </div>
   <div class='ocr_carea' id='block_1_2' title="bbox 128 472 1195 575">
    <p class='ocr_par' dir='ltr' id='par_1_2' title="bbox 128 472 1195 575">
     <span class='ocr_line' id='line_1_2' title="bbox 128 472 1195 575; baseline 0.002 -22"><span class='ocrx_word' id='word_1_6' title='bbox 128 472 322 558; x_wconf 41' lang='lat' dir='ltr'>‘doctrinam&#39;</span> <span class='ocrx_word' id='word_1_7' title='bbox 345 483 568 566; x_wconf 74' lang='lat' dir='ltr'>christianam,</span> <span class='ocrx_word' id='word_1_8' title='bbox 591 487 740 561; x_wconf 90' lang='lat' dir='ltr'>adiuncta</span> <span class='ocrx_word' id='word_1_9' title='bbox 760 487 989 575; x_wconf 79' lang='lat' dir='ltr'>beneficiorum</span> <span class='ocrx_word' id='word_1_10' title='bbox 1008 488 1195 572; x_wconf 87' lang='lat' dir='ltr'>divinorum</span> 
     </span>
    </p>
   </div>
   <div class='ocr_carea' id='block_1_3' title="bbox 136 585 1264 877">
    <p class='ocr_par' dir='ltr' id='par_1_3' title="bbox 136 585 1264 877">
     <span class='ocr_line' id='line_1_3' title="bbox 137 585 1264 673; baseline -0.003 -21"><span class='ocrx_word' id='word_1_11' title='bbox 137 589 389 673; x_wconf 83' lang='lat' dir='ltr'>significatione3</span> <span class='ocrx_word' id='word_1_12' title='bbox 413 599 467 649; x_wconf 90' lang='lat' dir='ltr'>ant</span> <span class='ocrx_word' id='word_1_13' title='bbox 477 585 642 650; x_wconf 87' lang='lat' dir='ltr'>beneficia</span> <span class='ocrx_word' id='word_1_14' title='bbox 664 610 745 672; x_wconf 86' lang='lat' dir='ltr'>quac</span> <span class='ocrx_word' id='word_1_15' title='bbox 763 587 895 659; x_wconf 85' lang='lat' dir='ltr'>Christo</span> <span class='ocrx_word' id='word_1_16' title='bbox 912 588 1080 671; x_wconf 85' lang='lat' dir='ltr'>debemus,</span> <span class='ocrx_word' id='word_1_17' title='bbox 1102 594 1193 670; x_wconf 68' lang='lat' dir='ltr'>nimi</span> <span class='ocrx_word' id='word_1_18' title='bbox 1238 629 1264 649; x_wconf 44' lang='grc' dir='ltr'>ι.</span> 
     </span>
     <span class='ocr_line' id='line_1_4' title="bbox 136 685 1192 771; baseline 0.002 -19"><span class='ocrx_word' id='word_1_19' title='bbox 136 711 208 753; x_wconf 89' lang='lat' dir='ltr'>rum</span> <span class='ocrx_word' id='word_1_20' title='bbox 235 688 460 752; x_wconf 73' lang='lat' dir='ltr'>liberationem</span> <span class='ocrx_word' id='word_1_21' title='bbox 487 709 507 750; x_wconf 90' lang='lat' dir='ltr'>a</span> <span class='ocrx_word' id='word_1_22' title='bbox 532 689 609 771; x_wconf 86' lang='lat' dir='ltr'>iugo</span> <span class='ocrx_word' id='word_1_23' title='bbox 637 685 722 771; x_wconf 85' lang='lat' dir='ltr'>legis</span> <span class='ocrx_word' id='word_1_24' title='bbox 744 686 910 753; x_wconf 85' lang='lat' dir='ltr'>Mosaicae</span> <span class='ocrx_word' id='word_1_25' title='bbox 936 688 1015 769; x_wconf 62' lang='lat' dir='ltr'>Gal„</span> <span class='ocrx_word' id='word_1_26' title='bbox 1030 696 1061 769; x_wconf 84' lang='lat'>5,</span> <span class='ocrx_word' id='word_1_27' title='bbox 1085 698 1136 769; x_wconf 76' lang='grc'>13.</span> <span class='ocrx_word' id='word_1_28' title='bbox 1160 705 1192 754; x_wconf 87' lang='lat' dir='ltr'>et</span> 
     </span>
     <span class='ocr_line' id='line_1_5' title="bbox 136 786 1192 877; baseline 0.004 -26"><span class='ocrx_word' id='word_1_29' title='bbox 136 810 226 872; x_wconf 87' lang='lat' dir='ltr'>spem</span> <span class='ocrx_word' id='word_1_30' title='bbox 244 786 408 850; x_wconf 78' lang='lat' dir='ltr'>felicitatis</span> <span class='ocrx_word' id='word_1_31' title='bbox 430 789 582 872; x_wconf 82' lang='lat' dir='ltr'>perennis</span> <span class='ocrx_word' id='word_1_32' title='bbox 605 794 636 868; x_wconf 82' lang='lat'>2,</span> <span class='ocrx_word' id='word_1_33' title='bbox 659 794 689 852; x_wconf 77' lang='lat'>3‘.</span> <span class='ocrx_word' id='word_1_34' title='bbox 722 796 774 868; x_wconf 84' lang='lat'>12,</span> <span class='ocrx_word' id='word_1_35' title='bbox 791 798 831 853; x_wconf 83' lang='lat'>22</span> <span class='ocrx_word' id='word_1_36' title='bbox 846 811 894 874; x_wconf 86' lang='lat' dir='ltr'>sq.</span> <span class='ocrx_word' id='word_1_37' title='bbox 928 789 1076 868; x_wconf 66' lang='lat' dir='ltr'>Biiltmiscr</span> <span class='ocrx_word' id='word_1_38' title='bbox 1092 787 1192 877; x_wconf 76' lang='grc' dir='ltr'><em>χάρις</em></span> 
     </span>
    </p>
   </div>
   <div class='ocr_carea' id='block_1_4' title="bbox 134 888 1188 974">
    <p class='ocr_par' dir='ltr' id='par_1_4' title="bbox 134 888 1295 974">
     <span class='ocr_line' id='line_1_6' title="bbox 134 888 1188 974; baseline -0.004 -19"><span class='ocrx_word' id='word_1_39' title='bbox 134 894 174 956; x_wconf 86' lang='lat' dir='ltr'>de</span> <span class='ocrx_word' id='word_1_40' title='bbox 198 890 384 971; x_wconf 75' lang='lat' dir='ltr'>gratiarum</span> <span class='ocrx_word' id='word_1_41' title='bbox 401 893 529 951; x_wconf 73' lang='lat' dir='ltr'>aetnae</span> <span class='ocrx_word' id='word_1_42' title='bbox 552 890 612 972; x_wconf 88' lang='lat' dir='ltr'>(sic</span> <span class='ocrx_word' id='word_1_43' title='bbox 629 891 724 952; x_wconf 89' lang='lat' dir='ltr'>vertit</span> <span class='ocrx_word' id='word_1_44' title='bbox 745 888 921 973; x_wconf 71' lang='lat' dir='ltr'>castellio),</span> <span class='ocrx_word' id='word_1_45' title='bbox 940 889 979 951; x_wconf 90' lang='lat' dir='ltr'>de</span> <span class='ocrx_word' id='word_1_46' title='bbox 995 888 1188 974; x_wconf 78' lang='lat' dir='ltr'>gratiisDec</span> 
     </span>
    </p>
   </div>
   <div class='ocr_carea' id='block_1_5' title="bbox 96 981 1285 3986">
    <p class='ocr_par' dir='ltr' id='par_1_5' title="bbox 96 981 1285 3986">
     <span class='ocr_line' id='line_1_7' title="bbox 134 981 1190 1072; baseline 0.003 -20"><span class='ocrx_word' id='word_1_47' title='bbox 134 1000 166 1052; x_wconf 87' lang='lat' dir='ltr'>et</span> <span class='ocrx_word' id='word_1_48' title='bbox 188 988 265 1051; x_wconf 87' lang='lat' dir='ltr'>Iesu</span> <span class='ocrx_word' id='word_1_49' title='bbox 285 987 430 1054; x_wconf 78' lang='lat' dir='ltr'>Messias</span> <span class='ocrx_word' id='word_1_50' title='bbox 458 985 614 1051; x_wconf 81' lang='lat' dir='ltr'>habendis</span> <span class='ocrx_word' id='word_1_51' title='bbox 637 1000 669 1052; x_wconf 92' lang='lat' dir='ltr'>et</span> <span class='ocrx_word' id='word_1_52' title='bbox 692 990 827 1072; x_wconf 79' lang='lat' dir='ltr'>agendis</span> <span class='ocrx_word' id='word_1_53' title='bbox 852 988 1012 1072; x_wconf 85' lang='lat' dir='ltr'>iutelligit.</span> <span class='ocrx_word' id='word_1_54' title='bbox 1063 981 1190 1071; x_wconf 82' lang='lat' dir='ltr'>Nomen</span> 
     </span>
     <span class='ocr_line' id='line_1_8' title="bbox 132 1085 1188 1173; baseline 0.003 -23"><span class='ocrx_word' id='word_1_55' title='bbox 132 1085 298 1173; x_wconf 76' lang='grc' dir='ltr'><em>βρώματα</em></span> <span class='ocrx_word' id='word_1_56' title='bbox 330 1086 442 1171; x_wconf 88' lang='lat' dir='ltr'>plures</span> <span class='ocrx_word' id='word_1_57' title='bbox 469 1090 785 1171; x_wconf 63' lang='lat' dir='ltr'>interpretantur&#39;de</span> <span class='ocrx_word' id='word_1_58' title='bbox 814 1087 952 1153; x_wconf 69' lang='lat' dir='ltr'>ciborum</span> <span class='ocrx_word' id='word_1_59' title='bbox 978 1093 1119 1169; x_wconf 76' lang='lat' dir='ltr'>delectu,</span> <span class='ocrx_word' id='word_1_60' title='bbox 1141 1090 1188 1171; x_wconf 89' lang='lat' dir='ltr'>ds</span> 
     </span>
     <span class='ocr_line' id='line_1_9' title="bbox 131 1186 1187 1272; baseline -0.002 -18"><span class='ocrx_word' id='word_1_61' title='bbox 131 1188 214 1260; x_wconf 80' lang='lat' dir='ltr'>cibis</span> <span class='ocrx_word' id='word_1_62' title='bbox 226 1188 329 1252; x_wconf 88' lang='lat' dir='ltr'>licitis</span> <span class='ocrx_word' id='word_1_63' title='bbox 341 1199 373 1249; x_wconf 92' lang='lat' dir='ltr'>et</span> <span class='ocrx_word' id='word_1_64' title='bbox 388 1186 522 1268; x_wconf 83' lang='lat' dir='ltr'>illicitis,</span> <span class='ocrx_word' id='word_1_65' title='bbox 542 1189 582 1251; x_wconf 94' lang='lat' dir='ltr'>de</span> <span class='ocrx_word' id='word_1_66' title='bbox 599 1191 704 1255; x_wconf 88' lang='lat' dir='ltr'>studio</span> <span class='ocrx_word' id='word_1_67' title='bbox 731 1189 875 1260; x_wconf 85' lang='lat' dir='ltr'>ciborum</span> <span class='ocrx_word' id='word_1_68' title='bbox 900 1186 1058 1272; x_wconf 84' lang='lat' dir='ltr'>religioso</span> <span class='ocrx_word' id='word_1_69' title='bbox 1077 1191 1187 1270; x_wconf 81' lang='lat' dir='ltr'>distin·</span> 
     </span>
     <span class='ocr_line' id='line_1_10' title="bbox 131 1277 1187 1376; baseline 0.001 -23"><span class='ocrx_word' id='word_1_70' title='bbox 131 1289 348 1374; x_wconf 81' lang='lat' dir='ltr'>guendorum3</span> <span class='ocrx_word' id='word_1_71' title='bbox 372 1286 428 1363; x_wconf 89' lang='lat' dir='ltr'>alii</span> <span class='ocrx_word' id='word_1_72' title='bbox 451 1283 501 1351; x_wconf 55' lang='lat' dir='ltr'>ob&#39;</span> <span class='ocrx_word' id='word_1_73' title='bbox 514 1277 552 1351; x_wconf 89' lang='lat' dir='ltr'>ea</span> <span class='ocrx_word' id='word_1_74' title='bbox 572 1298 654 1374; x_wconf 84' lang='lat' dir='ltr'>quae</span> <span class='ocrx_word' id='word_1_75' title='bbox 668 1310 699 1352; x_wconf 88' lang='lat' dir='ltr'>v.</span> <span class='ocrx_word' id='word_1_76' title='bbox 716 1295 766 1354; x_wconf 87' lang='lat'>10.</span> <span class='ocrx_word' id='word_1_77' title='bbox 788 1289 947 1374; x_wconf 79' lang='lat' dir='ltr'>leguntur,</span> <span class='ocrx_word' id='word_1_78' title='bbox 970 1289 1010 1352; x_wconf 91' lang='lat' dir='ltr'>de</span> <span class='ocrx_word' id='word_1_79' title='bbox 1022 1294 1122 1376; x_wconf 75' lang='lat' dir='ltr'>epulis</span> <span class='ocrx_word' id='word_1_80' title='bbox 1134 1277 1187 1361; x_wconf 78' lang='lat' dir='ltr'>su·</span> 
     </span>
     <span class='ocr_line' id='line_1_11' title="bbox 121 1385 1187 1475; baseline -0.002 -22"><span class='ocrx_word' id='word_1_81' title='bbox 121 1395 208 1468; x_wconf 59' lang='lat' dir='ltr'>‚crta</span> <span class='ocrx_word' id='word_1_82' title='bbox 229 1402 264 1452; x_wconf 93' lang='lat' dir='ltr'>ut</span> <span class='ocrx_word' id='word_1_83' title='bbox 280 1388 312 1451; x_wconf 88' lang='lat' dir='ltr'>h.</span> <span class='ocrx_word' id='word_1_84' title='bbox 324 1385 353 1455; x_wconf 75' lang='lat' dir='ltr'>l.‚</span> <span class='ocrx_word' id='word_1_85' title='bbox 363 1386 636 1470; x_wconf 83' lang='lat' dir='ltr'>reprehendantur</span> <span class='ocrx_word' id='word_1_86' title='bbox 657 1389 693 1468; x_wconf 90' lang='lat' dir='ltr'>ii,</span> <span class='ocrx_word' id='word_1_87' title='bbox 715 1393 770 1475; x_wconf 93' lang='lat' dir='ltr'>qui</span> <span class='ocrx_word' id='word_1_88' title='bbox 785 1390 981 1474; x_wconf 86' lang='lat' dir='ltr'>persuadere</span> <span class='ocrx_word' id='word_1_89' title='bbox 995 1394 1187 1464; x_wconf 76' lang='lat' dir='ltr'>conarentur</span> 
     </span>
     <span class='ocr_line' id='line_1_12' title="bbox 119 1474 1226 1586; baseline 0.002 -34"><span class='ocrx_word' id='word_1_90' title='bbox 119 1490 329 1577; x_wconf 85' lang='lat' dir='ltr'>christianis,</span> <span class='ocrx_word' id='word_1_91' title='bbox 351 1490 524 1552; x_wconf 86' lang='lat' dir='ltr'>etiamnum</span> <span class='ocrx_word' id='word_1_92' title='bbox 548 1488 743 1586; x_wconf 66' lang='lat' dir='ltr'>vescendum</span> <span class='ocrx_word' id='word_1_93' title='bbox 773 1512 847 1563; x_wconf 86' lang='lat' dir='ltr'>esse</span> <span class='ocrx_word' id='word_1_94' title='bbox 874 1511 945 1573; x_wconf 87' lang='lat' dir='ltr'>cum</span> <span class='ocrx_word' id='word_1_95' title='bbox 975 1493 1110 1554; x_wconf 86' lang='lat' dir='ltr'>caeteris</span> <span class='ocrx_word' id='word_1_96' title='bbox 1132 1489 1185 1554; x_wconf 89' lang='lat' dir='ltr'>Iu·</span> <span class='ocrx_word' id='word_1_97' title='bbox 1224 1474 1226 1482; x_wconf 25' lang='grc' dir='ltr'>Ι</span> 
     </span>
     <span class='ocr_line' id='line_1_13' title="bbox 114 1582 1285 1674; baseline 0.004 -21"><span class='ocrx_word' id='word_1_98' title='bbox 114 1591 223 1673; x_wconf 64' lang='lat' dir='ltr'>„daeis</span> <span class='ocrx_word' id='word_1_99' title='bbox 240 1611 279 1651; x_wconf 92' lang='lat' dir='ltr'>ea</span> <span class='ocrx_word' id='word_1_100' title='bbox 293 1591 492 1674; x_wconf 82' lang='lat' dir='ltr'>victimarum</span> <span class='ocrx_word' id='word_1_101' title='bbox 505 1599 614 1670; x_wconf 91' lang='lat' dir='ltr'>parte,</span> <span class='ocrx_word' id='word_1_102' title='bbox 638 1609 732 1674; x_wconf 87' lang='lat' dir='ltr'>quam</span> <span class='ocrx_word' id='word_1_103' title='bbox 747 1588 840 1655; x_wconf 88' lang='lat' dir='ltr'>Deus</span> <span class='ocrx_word' id='word_1_104' title='bbox 860 1588 933 1674; x_wconf 86' lang='lat' dir='ltr'>lege</span> <span class='ocrx_word' id='word_1_105' title='bbox 949 1612 1008 1654; x_wconf 88' lang='lat' dir='ltr'>sua</span> <span class='ocrx_word' id='word_1_106' title='bbox 1030 1590 1184 1658; x_wconf 83' lang='lat' dir='ltr'>edendam</span> <span class='ocrx_word' id='word_1_107' title='bbox 1240 1582 1241 1586; x_wconf 22' lang='lat'>¹</span> <span class='ocrx_word' id='word_1_108' title='bbox 1282 1666 1285 1670; x_wconf 21' lang='lat'><strong>⁴</strong></span> 
     </span>
     <span class='ocr_line' id='line_1_14' title="bbox 113 1687 1184 1774; baseline 0 -22"><span class='ocrx_word' id='word_1_109' title='bbox 113 1691 345 1757; x_wconf 34' lang='lat' dir='ltr'>,concessisset</span> <span class='ocrx_word' id='word_1_110' title='bbox 366 1710 397 1752; x_wconf 85' lang='lat' dir='ltr'>v.</span> <span class='ocrx_word' id='word_1_111' title='bbox 417 1687 516 1752; x_wconf 85' lang='lat' dir='ltr'>Dent.</span> <span class='ocrx_word' id='word_1_112' title='bbox 533 1693 583 1769; x_wconf 89' lang='grc'>16,</span> <span class='ocrx_word' id='word_1_113' title='bbox 598 1696 638 1753; x_wconf 89' lang='grc'>14</span> <span class='ocrx_word' id='word_1_114' title='bbox 655 1710 704 1774; x_wconf 86' lang='lat' dir='ltr'>sq.</span> <span class='ocrx_word' id='word_1_115' title='bbox 731 1687 815 1753; x_wconf 86' lang='lat' dir='ltr'>Hos.</span> <span class='ocrx_word' id='word_1_116' title='bbox 832 1697 862 1769; x_wconf 89' lang='lat'>8,</span> <span class='ocrx_word' id='word_1_117' title='bbox 881 1695 929 1754; x_wconf 87' lang='grc'>13.</span> <span class='ocrx_word' id='word_1_118' title='bbox 953 1702 985 1752; x_wconf 91' lang='lat' dir='ltr'>et</span> <span class='ocrx_word' id='word_1_119' title='bbox 1005 1702 1115 1773; x_wconf 78' lang='lat' dir='ltr'>notata</span> <span class='ocrx_word' id='word_1_120' title='bbox 1130 1710 1184 1769; x_wconf 74' lang='lat' dir='ltr'>su-</span> 
     </span>
     <span class='ocr_line' id='line_1_15' title="bbox 112 1776 1185 1874; baseline 0.001 -22"><span class='ocrx_word' id='word_1_121' title='bbox 112 1811 188 1874; x_wconf 89' lang='lat' dir='ltr'>pra</span> <span class='ocrx_word' id='word_1_122' title='bbox 202 1789 244 1852; x_wconf 91' lang='lat' dir='ltr'>ad</span> <span class='ocrx_word' id='word_1_123' title='bbox 261 1776 292 1869; x_wconf 77' lang='lat'>9,</span> <span class='ocrx_word' id='word_1_124' title='bbox 308 1796 359 1854; x_wconf 82' lang='lat' dir='ltr'>to.</span> <span class='ocrx_word' id='word_1_125' title='bbox 382 1801 414 1853; x_wconf 92' lang='lat' dir='ltr'>et</span> <span class='ocrx_word' id='word_1_126' title='bbox 428 1789 595 1873; x_wconf 90' lang='lat' dir='ltr'>epularum</span> <span class='ocrx_word' id='word_1_127' title='bbox 611 1811 774 1867; x_wconf 86' lang='lat' dir='ltr'>sacrarum</span> <span class='ocrx_word' id='word_1_128' title='bbox 797 1786 1056 1870; x_wconf 80' lang='lat' dir='ltr'>celebrationem,</span> <span class='ocrx_word' id='word_1_129' title='bbox 1077 1791 1185 1874; x_wconf 65' lang='lat' dir='ltr'>mugni</span> 
     </span>
     <span class='ocr_line' id='line_1_16' title="bbox 127 1876 1183 1974; baseline 0 -22"><span class='ocrx_word' id='word_1_130' title='bbox 127 1891 282 1953; x_wconf 91' lang='lat' dir='ltr'>momenti</span> <span class='ocrx_word' id='word_1_131' title='bbox 298 1901 420 1972; x_wconf 88' lang='lat' dir='ltr'>partem</span> <span class='ocrx_word' id='word_1_132' title='bbox 435 1889 538 1953; x_wconf 87' lang='lat' dir='ltr'>cultus</span> <span class='ocrx_word' id='word_1_133' title='bbox 565 1889 664 1951; x_wconf 90' lang='lat' dir='ltr'>divini</span> <span class='ocrx_word' id='word_1_134' title='bbox 688 1909 761 1952; x_wconf 87' lang='lat' dir='ltr'>essa</span> <span class='ocrx_word' id='word_1_135' title='bbox 777 1888 1015 1974; x_wconf 87' lang='lat' dir='ltr'>contenderent.</span> <span class='ocrx_word' id='word_1_136' title='bbox 1057 1889 1120 1967; x_wconf 78' lang='lat' dir='ltr'>Pro</span> <span class='ocrx_word' id='word_1_137' title='bbox 1136 1876 1183 1953; x_wconf 91' lang='lat' dir='ltr'>di-</span> 
     </span>
     <span class='ocr_line' id='line_1_17' title="bbox 126 1985 1182 2074; baseline 0.002 -21"><span class='ocrx_word' id='word_1_138' title='bbox 126 1991 568 2072; x_wconf 77' lang='lat' dir='ltr'>versitateinterpretationis</span> <span class='ocrx_word' id='word_1_139' title='bbox 582 1987 754 2053; x_wconf 87' lang='lat' dir='ltr'>verborum</span> <span class='ocrx_word' id='word_1_140' title='bbox 764 1985 860 2074; x_wconf 72' lang='grc' dir='ltr'><em>χάρις</em></span> <span class='ocrx_word' id='word_1_141' title='bbox 884 2000 924 2050; x_wconf 90' lang='lat' dir='ltr'>et.</span> <span class='ocrx_word' id='word_1_142' title='bbox 936 1989 1112 2073; x_wconf 74' lang='grc' dir='ltr'>βρώματα,</span> <span class='ocrx_word' id='word_1_143' title='bbox 1132 1990 1182 2054; x_wconf 88' lang='lat' dir='ltr'>di·</span> 
     </span>
     <span class='ocr_line' id='line_1_18' title="bbox 124 2088 1182 2177; baseline -0.004 -24"><span class='ocrx_word' id='word_1_144' title='bbox 124 2111 243 2153; x_wconf 83' lang='lat' dir='ltr'>versae</span> <span class='ocrx_word' id='word_1_145' title='bbox 264 2090 361 2151; x_wconf 85' lang='lat' dir='ltr'>etiam</span> <span class='ocrx_word' id='word_1_146' title='bbox 383 2091 559 2160; x_wconf 81' lang='lat' dir='ltr'>extiterunt</span> <span class='ocrx_word' id='word_1_147' title='bbox 581 2088 767 2159; x_wconf 87' lang='lat' dir='ltr'>totiusloci</span> <span class='ocrx_word' id='word_1_148' title='bbox 791 2090 1083 2172; x_wconf 83' lang='lat' dir='ltr'>interpretationes,</span> <span class='ocrx_word' id='word_1_149' title='bbox 1105 2109 1182 2177; x_wconf 74' lang='lat' dir='ltr'>qna-</span> 
     </span>
     <span class='ocr_line' id='line_1_19' title="bbox 125 2187 1181 2273; baseline -0.003 -19"><span class='ocrx_word' id='word_1_150' title='bbox 125 2212 198 2254; x_wconf 90' lang='lat' dir='ltr'>rum</span> <span class='ocrx_word' id='word_1_151' title='bbox 218 2191 372 2273; x_wconf 89' lang='lat' dir='ltr'>potiores,</span> <span class='ocrx_word' id='word_1_152' title='bbox 394 2211 454 2273; x_wconf 93' lang='lat' dir='ltr'>pro</span> <span class='ocrx_word' id='word_1_153' title='bbox 479 2191 614 2254; x_wconf 88' lang='lat' dir='ltr'>instituti</span> <span class='ocrx_word' id='word_1_154' title='bbox 637 2191 740 2252; x_wconf 91' lang='lat' dir='ltr'>nostri</span> <span class='ocrx_word' id='word_1_155' title='bbox 758 2191 883 2251; x_wconf 88' lang='lat' dir='ltr'>ratione</span> <span class='ocrx_word' id='word_1_156' title='bbox 906 2191 971 2252; x_wconf 89' lang='lat' dir='ltr'>iam</span> <span class='ocrx_word' id='word_1_157' title='bbox 997 2187 1181 2269; x_wconf 75' lang='lat' dir='ltr'>afferamus.</span> 
     </span>
     <span class='ocr_line' id='line_1_20' title="bbox 124 2282 1181 2375; baseline -0.005 -19"><span class='ocrx_word' id='word_1_158' title='bbox 124 2290 300 2356; x_wconf 72' lang='lat' dir='ltr'>Michaelis</span> <span class='ocrx_word' id='word_1_159' title='bbox 322 2291 376 2375; x_wconf 88' lang='lat' dir='ltr'>qui</span> <span class='ocrx_word' id='word_1_160' title='bbox 394 2289 563 2354; x_wconf 86' lang='lat' dir='ltr'>formulam</span> <span class='ocrx_word' id='word_1_161' title='bbox 584 2285 820 2374; x_wconf 72' lang='grc' dir='ltr'><em>βεβαιοῦόθαι</em></span> <span class='ocrx_word' id='word_1_162' title='bbox 840 2288 903 2366; x_wconf 74' lang='grc' dir='ltr'>τήν</span> <span class='ocrx_word' id='word_1_163' title='bbox 925 2282 1069 2371; x_wconf 79' lang='grc' dir='ltr'><em>καρδίαν</em></span> <span class='ocrx_word' id='word_1_164' title='bbox 1096 2309 1181 2368; x_wconf 83' lang='lat' dir='ltr'>com-</span> 
     </span>
     <span class='ocr_line' id='line_1_21' title="bbox 123 2381 1180 2478; baseline -0.004 -23"><span class='ocrx_word' id='word_1_165' title='bbox 123 2403 220 2478; x_wconf 88' lang='lat' dir='ltr'>parat</span> <span class='ocrx_word' id='word_1_166' title='bbox 238 2413 310 2454; x_wconf 91' lang='lat' dir='ltr'>cum</span> <span class='ocrx_word' id='word_1_167' title='bbox 324 2388 489 2454; x_wconf 91' lang='lat' dir='ltr'>Hebraica</span> <span class='ocrx_word' id='word_1_168' title='bbox 509 2381 553 2455; x_wconf 56' lang='grc' dir='ltr'>ΞΒ</span> <span class='ocrx_word' id='word_1_169' title='bbox 577 2399 641 2457; x_wconf 63' lang='lat' dir='ltr'>&#39;tio</span> <span class='ocrx_word' id='word_1_170' title='bbox 666 2410 723 2454; x_wconf 88' lang='lat' dir='ltr'>cor</span> <span class='ocrx_word' id='word_1_171' title='bbox 732 2387 860 2466; x_wconf 79' lang='lat' dir='ltr'>fulcire</span> <span class='ocrx_word' id='word_1_172' title='bbox 883 2389 918 2473; x_wconf 87' lang='lat' dir='ltr'>(i.</span> <span class='ocrx_word' id='word_1_173' title='bbox 934 2387 1102 2471; x_wconf 71' lang='lat' dir='ltr'>&#39;recrearc)</span> <span class='ocrx_word' id='word_1_174' title='bbox 1121 2409 1180 2472; x_wconf 90' lang='lat' dir='ltr'>pro</span> 
     </span>
     <span class='ocr_line' id='line_1_22' title="bbox 123 2482 1187 2576; baseline -0.007 -19"><span class='ocrx_word' id='word_1_175' title='bbox 123 2494 223 2557; x_wconf 78' lang='lat' dir='ltr'>cdere</span> <span class='ocrx_word' id='word_1_176' title='bbox 235 2513 267 2555; x_wconf 85' lang='lat' dir='ltr'>v.</span> <span class='ocrx_word' id='word_1_177' title='bbox 283 2489 364 2553; x_wconf 88' lang='lat' dir='ltr'>Gen.</span> <span class='ocrx_word' id='word_1_178' title='bbox 376 2498 426 2571; x_wconf 88' lang='grc'>18,</span> <span class='ocrx_word' id='word_1_179' title='bbox 439 2497 468 2555; x_wconf 83' lang='grc'>5.</span> <span class='ocrx_word' id='word_1_180' title='bbox 489 2490 581 2553; x_wconf 90' lang='lat' dir='ltr'>Iudd.</span> <span class='ocrx_word' id='word_1_181' title='bbox 597 2494 695 2576; x_wconf 25' lang='grc'><strong>19,,5.</strong></span> <span class='ocrx_word' id='word_1_182' title='bbox 716 2486 817 2567; x_wconf 67' lang='lat' dir='ltr'>rerba</span> <span class='ocrx_word' id='word_1_183' title='bbox 834 2488 880 2549; x_wconf 88' lang='lat' dir='ltr'>ita</span> <span class='ocrx_word' id='word_1_184' title='bbox 893 2482 1069 2573; x_wconf 60' lang='lat' dir='ltr'>explanat:</span> <span class='ocrx_word' id='word_1_185' title='bbox 1084 2482 1187 2573; x_wconf 63' lang='lat' dir='ltr'>prae-⁴</span> 
     </span>
     <span class='ocr_line' id='line_1_23' title="bbox 124 2585 1223 2675; baseline -0.005 -17"><span class='ocrx_word' id='word_1_186' title='bbox 124 2604 190 2658; x_wconf 89' lang='lat' dir='ltr'>stat</span> <span class='ocrx_word' id='word_1_187' title='bbox 214 2594 354 2655; x_wconf 88' lang='lat' dir='ltr'>animum</span> <span class='ocrx_word' id='word_1_188' title='bbox 376 2591 517 2653; x_wconf 88' lang='lat' dir='ltr'>recreari</span> <span class='ocrx_word' id='word_1_189' title='bbox 533 2591 637 2674; x_wconf 83' lang='lat' dir='ltr'>gratia</span> <span class='ocrx_word' id='word_1_190' title='bbox 651 2585 717 2651; x_wconf 90' lang='lat' dir='ltr'>Dei</span> <span class='ocrx_word' id='word_1_191' title='bbox 737 2585 843 2650; x_wconf 89' lang='lat' dir='ltr'>libera</span> <span class='ocrx_word' id='word_1_192' title='bbox 859 2599 891 2650; x_wconf 90' lang='lat' dir='ltr'>et</span> <span class='ocrx_word' id='word_1_193' title='bbox 906 2591 1047 2673; x_wconf 84' lang='lat' dir='ltr'>gratuito</span> <span class='ocrx_word' id='word_1_194' title='bbox 1061 2587 1179 2670; x_wconf 88' lang='lat' dir='ltr'>oblata,</span> <span class='ocrx_word' id='word_1_195' title='bbox 1220 2670 1223 2675; x_wconf 28' lang='grc' dir='ltr'>Ι</span> 
     </span>
     <span class='ocr_line' id='line_1_24' title="bbox 123 2684 1280 2779; baseline -0.002 -25"><span class='ocrx_word' id='word_1_196' title='bbox 123 2713 221 2779; x_wconf 90' lang='lat' dir='ltr'>quam</span> <span class='ocrx_word' id='word_1_197' title='bbox 235 2684 462 2776; x_wconf 62' lang='lat' dir='ltr'>epulislsacris</span> <span class='ocrx_word' id='word_1_198' title='bbox 484 2690 644 2752; x_wconf 87' lang='lat' dir='ltr'>iuteresse</span> <span class='ocrx_word' id='word_1_199' title='bbox 668 2699 699 2751; x_wconf 90' lang='lat' dir='ltr'>et</span> <span class='ocrx_word' id='word_1_200' title='bbox 720 2689 831 2751; x_wconf 87' lang='lat' dir='ltr'>satiari</span> <span class='ocrx_word' id='word_1_201' title='bbox 853 2687 948 2755; x_wconf 87' lang='lat' dir='ltr'>carne</span> <span class='ocrx_word' id='word_1_202' title='bbox 968 2691 1177 2775; x_wconf 77' lang='lat' dir='ltr'>victimarum,</span> <span class='ocrx_word' id='word_1_203' title='bbox 1278 2704 1280 2708; x_wconf 83' lang='grc'><em>·</em></span> 
     </span>
     <span class='ocr_line' id='line_1_25' title="bbox 123 2777 1279 2880; baseline -0.003 -25"><span class='ocrx_word' id='word_1_204' title='bbox 123 2795 180 2880; x_wconf 90' lang='lat' dir='ltr'>qui</span> <span class='ocrx_word' id='word_1_205' title='bbox 202 2795 246 2854; x_wconf 92' lang='lat' dir='ltr'>ita</span> <span class='ocrx_word' id='word_1_206' title='bbox 269 2810 361 2853; x_wconf 86' lang='lat' dir='ltr'>sacra</span> <span class='ocrx_word' id='word_1_207' title='bbox 378 2789 510 2869; x_wconf 80' lang='lat' dir='ltr'>iaciunt,</span> <span class='ocrx_word' id='word_1_208' title='bbox 536 2784 619 2852; x_wconf 89' lang='lat' dir='ltr'>huic</span> <span class='ocrx_word' id='word_1_209' title='bbox 641 2787 740 2852; x_wconf 92' lang='lat' dir='ltr'>cultui</span> <span class='ocrx_word' id='word_1_210' title='bbox 768 2787 885 2869; x_wconf 87' lang='lat' dir='ltr'>dediti,</span> <span class='ocrx_word' id='word_1_211' title='bbox 916 2790 1027 2872; x_wconf 76' lang='lat' dir='ltr'>(deren</span> <span class='ocrx_word' id='word_1_212' title='bbox 1049 2790 1193 2854; x_wconf 64' lang='lat' dir='ltr'>Getica.</span> <span class='ocrx_word' id='word_1_213' title='bbox 1274 2777 1279 2784; x_wconf 58' lang='grc'><em>’</em></span> 
     </span>
     <span class='ocr_line' id='line_1_26' title="bbox 122 2887 1217 2974; baseline -0.008 -15"><span class='ocrx_word' id='word_1_214' title='bbox 122 2899 228 2959; x_wconf 62' lang='lat' dir='ltr'>deust</span> <span class='ocrx_word' id='word_1_215' title='bbox 248 2891 391 2954; x_wconf 68' lang='lat' dir='ltr'>lateritiae</span> <span class='ocrx_word' id='word_1_216' title='bbox 414 2888 552 2974; x_wconf 66' lang='lat' dir='ltr'>bertolt)</span> <span class='ocrx_word' id='word_1_217' title='bbox 576 2911 690 2974; x_wconf 91' lang='lat' dir='ltr'>parum</span> <span class='ocrx_word' id='word_1_218' title='bbox 716 2888 792 2952; x_wconf 90' lang='lat' dir='ltr'>inde</span> <span class='ocrx_word' id='word_1_219' title='bbox 822 2887 970 2951; x_wconf 85' lang='lat' dir='ltr'>utilitatis</span> <span class='ocrx_word' id='word_1_220' title='bbox 988 2889 1183 2973; x_wconf 67' lang='lat' dir='ltr'>percipient..</span> <span class='ocrx_word' id='word_1_221' title='bbox 1214 2931 1217 2936; x_wconf 90' lang='lat'><em>-</em></span> 
     </span>
     <span class='ocr_line' id='line_1_27' title="bbox 123 2989 1176 3079; baseline -0.003 -23"><span class='ocrx_word' id='word_1_222' title='bbox 123 2992 191 3057; x_wconf 85' lang='lat' dir='ltr'>Sed</span> <span class='ocrx_word' id='word_1_223' title='bbox 198 2990 289 3079; x_wconf 48' lang='lat' dir='ltr'>xbanc</span> <span class='ocrx_word' id='word_1_224' title='bbox 305 2989 397 3053; x_wconf 86' lang='lat' dir='ltr'>verbi</span> <span class='ocrx_word' id='word_1_225' title='bbox 414 2991 606 3075; x_wconf 77' lang='grc' dir='ltr'><strong><em>περιπατεῖν</em></strong></span> <span class='ocrx_word' id='word_1_226' title='bbox 628 2989 905 3075; x_wconf 86' lang='lat' dir='ltr'>significationem,</span> <span class='ocrx_word' id='word_1_227' title='bbox 926 3009 1176 3074; x_wconf 13' lang='lat' dir='ltr'>cacrolperoge-</span> 
     </span>
     <span class='ocr_line' id='line_1_28' title="bbox 101 3086 1210 3176; baseline -0.003 -19"><span class='ocrx_word' id='word_1_228' title='bbox 101 3115 161 3161; x_wconf 69' lang='lat' dir='ltr'>‚re</span> <span class='ocrx_word' id='word_1_229' title='bbox 181 3113 246 3155; x_wconf 90' lang='lat' dir='ltr'>non</span> <span class='ocrx_word' id='word_1_230' title='bbox 264 3089 424 3176; x_wconf 86' lang='lat' dir='ltr'>probavit.</span> <span class='ocrx_word' id='word_1_231' title='bbox 470 3087 638 3155; x_wconf 77' lang='lat' dir='ltr'>Storrs&#39;uc:</span> <span class='ocrx_word' id='word_1_232' title='bbox 660 3098 804 3173; x_wconf 89' lang='lat' dir='ltr'>praestat</span> <span class='ocrx_word' id='word_1_233' title='bbox 827 3086 949 3150; x_wconf 88' lang='lat' dir='ltr'>Christi</span> <span class='ocrx_word' id='word_1_234' title='bbox 972 3090 1085 3154; x_wconf 86' lang='lat' dir='ltr'>favore</span> <span class='ocrx_word' id='word_1_235' title='bbox 1106 3094 1175 3154; x_wconf 87' lang='lat' dir='ltr'>ani·</span> <span class='ocrx_word' id='word_1_236' title='bbox 1209 3117 1210 3120; x_wconf 41' lang='lat'>¹</span> 
     </span>
     <span class='ocr_line' id='line_1_29' title="bbox 119 3186 1175 3277; baseline -0.004 -19"><span class='ocrx_word' id='word_1_237' title='bbox 119 3215 209 3259; x_wconf 89' lang='lat' dir='ltr'>mum</span> <span class='ocrx_word' id='word_1_238' title='bbox 230 3193 382 3273; x_wconf 87' lang='lat' dir='ltr'>recreari,</span> <span class='ocrx_word' id='word_1_239' title='bbox 405 3200 500 3276; x_wconf 86' lang='lat' dir='ltr'>quam</span> <span class='ocrx_word' id='word_1_240' title='bbox 520 3186 751 3277; x_wconf 74' lang='lat' dir='ltr'>epulissacris</span> <span class='ocrx_word' id='word_1_241' title='bbox 775 3209 794 3250; x_wconf 89' lang='lat' dir='ltr'>e</span> <span class='ocrx_word' id='word_1_242' title='bbox 816 3187 931 3273; x_wconf 78' lang='lat' dir='ltr'>qtribus</span> <span class='ocrx_word' id='word_1_243' title='bbox 949 3188 1095 3270; x_wconf 9' lang='lat' dir='ltr'>nullayin</span> <span class='ocrx_word' id='word_1_244' title='bbox 1117 3213 1175 3277; x_wconf 82' lang='lat' dir='ltr'>eos</span> 
     </span>
     <span class='ocr_line' id='line_1_30' title="bbox 120 3284 1175 3376; baseline -0.002 -19"><span class='ocrx_word' id='word_1_245' title='bbox 120 3293 279 3360; x_wconf 79' lang='lat' dir='ltr'>redundat</span> <span class='ocrx_word' id='word_1_246' title='bbox 297 3290 438 3370; x_wconf 87' lang='lat' dir='ltr'>utilitas,</span> <span class='ocrx_word' id='word_1_247' title='bbox 461 3291 517 3376; x_wconf 92' lang='lat' dir='ltr'>qui</span> <span class='ocrx_word' id='word_1_248' title='bbox 534 3287 576 3362; x_wconf 90' lang='lat' dir='ltr'>ad</span> <span class='ocrx_word' id='word_1_249' title='bbox 597 3309 653 3354; x_wconf 84' lang='lat' dir='ltr'>eus</span> <span class='ocrx_word' id='word_1_250' title='bbox 673 3286 882 3352; x_wconf 85' lang='lat' dir='ltr'>celebrandas</span> <span class='ocrx_word' id='word_1_251' title='bbox 896 3293 968 3368; x_wconf 82' lang='lat' dir='ltr'>iter</span> <span class='ocrx_word' id='word_1_252' title='bbox 995 3284 1175 3376; x_wconf 70' lang='lat' dir='ltr'>suscipiunt</span> 
     </span>
     <span class='ocr_line' id='line_1_31' title="bbox 119 3378 1176 3474; baseline 0.002 -17"><span class='ocrx_word' id='word_1_253' title='bbox 119 3392 391 3474; x_wconf 79' lang='lat' dir='ltr'>Hierosolymam.</span> <span class='ocrx_word' id='word_1_254' title='bbox 435 3387 528 3465; x_wconf 82' lang='lat' dir='ltr'>Quae</span> <span class='ocrx_word' id='word_1_255' title='bbox 558 3400 664 3452; x_wconf 88' lang='lat' dir='ltr'>tamen</span> <span class='ocrx_word' id='word_1_256' title='bbox 692 3391 914 3473; x_wconf 86' lang='lat' dir='ltr'>interpretatio</span> <span class='ocrx_word' id='word_1_257' title='bbox 946 3378 1119 3458; x_wconf 87' lang='lat' dir='ltr'>verborum</span> <span class='ocrx_word' id='word_1_258' title='bbox 1139 3392 1176 3460; x_wconf 78' lang='grc' dir='ltr'>ἒν</span> 
     </span>
     <span class='ocr_line' id='line_1_32' title="bbox 118 3488 1173 3583; baseline 0 -25"><span class='ocrx_word' id='word_1_259' title='bbox 118 3493 274 3583; x_wconf 79' lang='grc' dir='ltr'><em>βρώμασι</em></span> <span class='ocrx_word' id='word_1_260' title='bbox 289 3490 480 3578; x_wconf 76' lang='grc' dir='ltr'><em>περιπατεῖν</em></span> <span class='ocrx_word' id='word_1_261' title='bbox 492 3488 622 3574; x_wconf 77' lang='lat' dir='ltr'>longius</span> <span class='ocrx_word' id='word_1_262' title='bbox 637 3491 747 3572; x_wconf 86' lang='lat' dir='ltr'>petita,</span> <span class='ocrx_word' id='word_1_263' title='bbox 770 3511 828 3554; x_wconf 93' lang='lat' dir='ltr'>nec</span> <span class='ocrx_word' id='word_1_264' title='bbox 843 3493 916 3555; x_wconf 89' lang='lat' dir='ltr'>usui</span> <span class='ocrx_word' id='word_1_265' title='bbox 928 3491 1081 3580; x_wconf 89' lang='lat' dir='ltr'>loquendi</span> <span class='ocrx_word' id='word_1_266' title='bbox 1098 3516 1173 3559; x_wconf 89' lang='lat' dir='ltr'>con-</span> 
     </span>
     <span class='ocr_line' id='line_1_33' title="bbox 120 3588 1184 3663; baseline -0.009 -2"><span class='ocrx_word' id='word_1_267' title='bbox 120 3608 275 3661; x_wconf 83' lang='lat' dir='ltr'>sentanea</span> <span class='ocrx_word' id='word_1_268' title='bbox 290 3603 340 3655; x_wconf 89' lang='lat' dir='ltr'>est</span> <span class='ocrx_word' id='word_1_269' title='bbox 362 3613 393 3656; x_wconf 86' lang='lat' dir='ltr'>v.</span> <span class='ocrx_word' id='word_1_270' title='bbox 413 3588 599 3655; x_wconf 77' lang='lat' dir='ltr'>Heinrichr.</span> <span class='ocrx_word' id='word_1_271' title='bbox 613 3588 760 3654; x_wconf 78' lang='lat' dir='ltr'>Bb&#39;bmtus</span> <span class='ocrx_word' id='word_1_272' title='bbox 772 3604 910 3663; x_wconf 88' lang='lat' dir='ltr'>mentem</span> <span class='ocrx_word' id='word_1_273' title='bbox 931 3607 963 3658; x_wconf 83' lang='lat' dir='ltr'>et</span> <span class='ocrx_word' id='word_1_274' title='bbox 984 3597 1184 3661; x_wconf 83' lang='lat' dir='ltr'>sententiam.</span> 
     </span>
     <span class='ocr_line' id='line_1_34' title="bbox 121 3682 1173 3781; baseline -0.002 -19"><span class='ocrx_word' id='word_1_275' title='bbox 121 3695 289 3781; x_wconf 87' lang='lat' dir='ltr'>scriptoris</span> <span class='ocrx_word' id='word_1_276' title='bbox 304 3694 349 3756; x_wconf 88' lang='lat' dir='ltr'>ait</span> <span class='ocrx_word' id='word_1_277' title='bbox 368 3713 440 3756; x_wconf 88' lang='lat' dir='ltr'>csse</span> <span class='ocrx_word' id='word_1_278' title='bbox 453 3691 551 3755; x_wconf 88' lang='lat' dir='ltr'>banc:</span> <span class='ocrx_word' id='word_1_279' title='bbox 574 3687 660 3754; x_wconf 90' lang='lat' dir='ltr'>belle</span> <span class='ocrx_word' id='word_1_280' title='bbox 675 3688 859 3776; x_wconf 89' lang='lat' dir='ltr'>utiliterque</span> <span class='ocrx_word' id='word_1_281' title='bbox 873 3691 945 3757; x_wconf 87' lang='lat' dir='ltr'>fieri</span> <span class='ocrx_word' id='word_1_282' title='bbox 965 3682 1173 3760; x_wconf 80' lang='lat' dir='ltr'>acbristiano</span> 
     </span>
     <span class='ocr_line' id='line_1_35' title="bbox 96 3789 1247 3880; baseline -0.003 -17"><span class='ocrx_word' id='word_1_283' title='bbox 96 3798 251 3862; x_wconf 31' lang='lat' dir='ltr'>,bomine</span> <span class='ocrx_word' id='word_1_284' title='bbox 276 3794 360 3880; x_wconf 91' lang='lat' dir='ltr'>quod</span> <span class='ocrx_word' id='word_1_285' title='bbox 384 3794 497 3878; x_wconf 82' lang='lat' dir='ltr'>gratiis</span> <span class='ocrx_word' id='word_1_286' title='bbox 524 3789 597 3854; x_wconf 93' lang='lat' dir='ltr'>Deo</span> <span class='ocrx_word' id='word_1_287' title='bbox 614 3810 665 3877; x_wconf 16' lang='lat' dir='ltr'>‘ac</span> <span class='ocrx_word' id='word_1_288' title='bbox 687 3789 762 3855; x_wconf 86' lang='lat' dir='ltr'>Iesu</span> <span class='ocrx_word' id='word_1_289' title='bbox 789 3791 934 3858; x_wconf 79' lang='lat' dir='ltr'>Messias</span> <span class='ocrx_word' id='word_1_290' title='bbox 958 3792 1117 3861; x_wconf 86' lang='lat' dir='ltr'>habendis</span> <span class='ocrx_word' id='word_1_291' title='bbox 1142 3809 1174 3862; x_wconf 89' lang='lat' dir='ltr'>ct</span> <span class='ocrx_word' id='word_1_292' title='bbox 1244 3835 1247 3840; x_wconf 96' lang='lat'>-</span> 
     </span>
     <span class='ocr_line' id='line_1_36' title="bbox 118 3888 1172 3986; baseline 0.003 -25"><span class='ocrx_word' id='word_1_293' title='bbox 118 3897 266 3986; x_wconf 77' lang='lat' dir='ltr'>agendis,</span> <span class='ocrx_word' id='word_1_294' title='bbox 288 3914 354 3957; x_wconf 86' lang='lat' dir='ltr'>non</span> <span class='ocrx_word' id='word_1_295' title='bbox 374 3914 452 3958; x_wconf 88' lang='lat' dir='ltr'>vero</span> <span class='ocrx_word' id='word_1_296' title='bbox 478 3890 559 3954; x_wconf 90' lang='lat' dir='ltr'>cibis</span> <span class='ocrx_word' id='word_1_297' title='bbox 580 3911 640 3974; x_wconf 90' lang='lat' dir='ltr'>pro</span> <span class='ocrx_word' id='word_1_298' title='bbox 665 3888 856 3956; x_wconf 85' lang='lat' dir='ltr'>Iudaeorum</span> <span class='ocrx_word' id='word_1_299' title='bbox 873 3906 905 3957; x_wconf 92' lang='lat' dir='ltr'>et</span> <span class='ocrx_word' id='word_1_300' title='bbox 918 3892 1172 3981; x_wconf 80' lang='grc' dir='ltr'><em>ἑτεροδιδασκα-</em></span> 
     </span>
    </p>
   </div>
   <div class='ocr_carea' id='block_1_6' title="bbox 119 3988 1290 4083">
    <p class='ocr_par' dir='ltr' id='par_1_6' title="bbox 119 3988 1290 4083">
     <span class='ocr_line' id='line_1_37' title="bbox 119 3988 1290 4083; baseline 0.003 -23"><span class='ocrx_word' id='word_1_301' title='bbox 119 3992 267 4066; x_wconf 67' lang='lat' dir='ltr'>ioaid&#39;r&#39;os</span> <span class='ocrx_word' id='word_1_302' title='bbox 284 4015 373 4083; x_wconf 85' lang='lat' dir='ltr'>more</span> <span class='ocrx_word' id='word_1_303' title='bbox 388 4016 425 4058; x_wconf 90' lang='lat' dir='ltr'>ao</span> <span class='ocrx_word' id='word_1_304' title='bbox 437 3994 583 4057; x_wconf 89' lang='lat' dir='ltr'>doctrina</span> <span class='ocrx_word' id='word_1_305' title='bbox 596 3988 816 4074; x_wconf 76' lang='lat' dir='ltr'>observandis,</span> <span class='ocrx_word' id='word_1_306' title='bbox 837 3992 962 4078; x_wconf 86' lang='lat' dir='ltr'>firmum</span> <span class='ocrx_word' id='word_1_307' title='bbox 974 4009 1010 4060; x_wconf 83' lang='lat' dir='ltr'>at</span> <span class='ocrx_word' id='word_1_308' title='bbox 1023 3997 1172 4064; x_wconf 87' lang='lat' dir='ltr'>stabilem</span> <span class='ocrx_word' id='word_1_309' title='bbox 1287 4041 1290 4045; x_wconf 81' lang='lat'><strong>.</strong></span> 
     </span>
    </p>
   </div>
   <div class='ocr_carea' id='block_1_7' title="bbox 102 4088 1172 4182">
    <p class='ocr_par' dir='ltr' id='par_1_7' title="bbox 102 4088 1172 4182">
     <span class='ocr_line' id='line_1_38' title="bbox 102 4088 1172 4182; baseline -0.003 -17"><span class='ocrx_word' id='word_1_310' title='bbox 102 4088 153 4165; x_wconf 59' lang='lat' dir='ltr'>&#39;iu</span> <span class='ocrx_word' id='word_1_311' title='bbox 174 4097 334 4182; x_wconf 79' lang='lat' dir='ltr'>religione</span> <span class='ocrx_word' id='word_1_312' title='bbox 353 4107 446 4180; x_wconf 88' lang='lat' dir='ltr'>paret</span> <span class='ocrx_word' id='word_1_313' title='bbox 466 4097 616 4159; x_wconf 89' lang='lat' dir='ltr'>animum.</span> <span class='ocrx_word' id='word_1_314' title='bbox 661 4091 831 4158; x_wconf 86' lang='lat' dir='ltr'>Caeterum</span> <span class='ocrx_word' id='word_1_315' title='bbox 852 4116 923 4160; x_wconf 90' lang='lat' dir='ltr'>oum</span> <span class='ocrx_word' id='word_1_316' title='bbox 938 4097 1047 4179; x_wconf 83' lang='lat' dir='ltr'>Moru,</span> <span class='ocrx_word' id='word_1_317' title='bbox 1069 4101 1172 4165; x_wconf 76' lang='lat' dir='ltr'>Herb-</span> 
     </span>
    </p>
   </div>
   <div class='ocr_carea' id='block_1_8' title="bbox 117 4193 1285 4284">
    <p class='ocr_par' dir='ltr' id='par_1_8' title="bbox 117 4193 1285 4284">
     <span class='ocr_line' id='line_1_39' title="bbox 117 4193 1285 4284; baseline -0.01 -15"><span class='ocrx_word' id='word_1_318' title='bbox 117 4199 248 4278; x_wconf 71' lang='grc' dir='ltr'>νὲαΙαέα,</span> <span class='ocrx_word' id='word_1_319' title='bbox 260 4197 410 4279; x_wconf 62' lang='grc' dir='ltr'><em>Ζὼρῐαα</em></span> <span class='ocrx_word' id='word_1_320' title='bbox 425 4193 623 4279; x_wconf 71' lang='lat' dir='ltr'>(Eholahsng</span> <span class='ocrx_word' id='word_1_321' title='bbox 633 4201 668 4260; x_wconf 74' lang='lat' dir='ltr'>ta</span> <span class='ocrx_word' id='word_1_322' title='bbox 681 4196 711 4262; x_wconf 85' lang='lat' dir='ltr'>d.</span> <span class='ocrx_word' id='word_1_323' title='bbox 725 4193 1023 4280; x_wconf 60' lang='lat' dir='ltr'>&amp;idad-Heba</span> <span class='ocrx_word' id='word_1_324' title='bbox 1038 4222 1069 4283; x_wconf 82' lang='lat' dir='ltr'>p.</span> <span class='ocrx_word' id='word_1_325' title='bbox 1086 4203 1171 4284; x_wconf 85' lang='lat'>119.)</span> <span class='ocrx_word' id='word_1_326' title='bbox 1284 4239 1285 4242; x_wconf 63' lang='lat'>,</span> 
     </span>
    </p>
   </div>
   <div class='ocr_carea' id='block_1_9' title="bbox 0 0 1306 4746">
    <p class='ocr_par' dir='ltr' id='par_1_9' title="bbox 0 0 1306 4746">
     <span class='ocr_line' id='line_1_40' title="bbox 0 0 1306 4746; baseline 0 6"><span class='ocrx_word' id='word_1_327' title='bbox 0 0 1306 4746; x_wconf 95' lang='lat' dir='ltr'> </span> 
     </span>
    </p>
   </div>
  </div>
 </body>
</html>
