2604 4746
155 241 233 377 l30
410 303 413 310 ·
484 290 645 368 Carur
671 292 745 369 XI.
770 316 811 371 v.
835 264 897 375 21.

243 467 296 527 27.
318 452 428 524 πίστιν
440 456 513 524 Deo
528 448 669 523 confisus
686 458 726 524 de
740 455 831 533 felici
842 461 1185 547 esAegyptomigretio·
1210 488 1213 493 ·

156 583 211 645 ne,
230 561 277 627 nil
294 559 444 624 dubitans
462 556 571 622 sibiet
587 557 709 643 populo
725 556 834 627 Deum
854 581 930 627 esso
943 561 1125 643 alimmum.
1144 583 1186 624 κα-

156 663 294 730 τέλιπεν
307 660 486 744 Αἴγυπτον
500 656 761 740 chrysostomus,
782 657 1023 753 Theodoretus,
1046 658 1187 747 Theophy-

23 755 26 759 ⁸
52 802 56 808 ·
103 849 105 853 Ι
156 764 273 844 lactus,
296 760 526 839 oecumenius,
548 757 714 840 Hermiae,
735 746 926 843 Bangeliur}
949 759 1112 828 Sobulzius
1131 762 1188 827 haer

133 932 136 937 ,
157 863 261 928 verba
277 861 422 926 referunt
438 858 479 922 ad
497 859 639 942 priorem
655 856 762 925 Mosis
781 872 814 924 et
829 861 989 944 privatam
1002 863 1138 948 Aegypti
1156 885 1187 926 re·

40 952 43 957 ¹
157 963 323 1030 lintionem
340 981 372 1025 v.
390 959 455 1023 Ex.
470 965 502 1038 2,
519 965 559 1024 14
576 979 625 1044 sq.
657 961 806 1045 inprimis
828 973 1022 1046 propterea,
1053 962 1133 1050 quod
1148 963 1187 1027 Pe·

159 1066 256 1132 sohae
270 1061 446 1128 celebratio
461 1061 585 1123 exitum
595 1056 816 1124 Israelitarum
832 1064 1057 1127 antecesserit.
1099 1062 1204 1145 Contn,

158 1187 238 1230 vero
254 1164 435 1227 rectissime
455 1158 513 1224 alii
533 1172 736 1241 monuerunt,
758 1163 832 1245 ipsa
848 1161 950 1226 verba
965 1161 999 1226 h.
1013 1161 1037 1227 l.
1056 1163 1190 1248 additupr'

65 1346 68 1351 Α
160 1265 332 1355 φοβηθεὶς
344 1263 404 1345 air
420 1259 536 1346 θυμόν
550 1260 612 1326 τοῦ
622 1260 789 1345 βασιλέως
801 1265 882 1327 satis
894 1260 1078 1328 loculenter
1092 1265 1191 1344 dooere,

160 1386 341 1431 sermonem
355 1382 428 1427 esse
443 1360 483 1427 de
505 1360 632 1427 solenni
653 1361 883 1442 Israelitarum,
905 1361 1039 1429 ductore
1053 1364 1151 1446 Mose,
1162 1384 1207 1427 ex·

160 1467 311 1553 Aegypto
328 1465 540 1549 migratioue3
561 1484 635 1527 nam
656 1463 722 1526 Ex.
738 1461 761 1526 l.
784 1460 807 1525 l.
831 1462 950 1527 diserte
973 1465 1070 1546 tradi,
1090 1463 1206 1549 Mosen,¹

159 1565 354 1652 iramregis
376 1574 581 1644 metuentem,
604 1584 650 1627 ex
662 1562 813 1648 Aegypto
834 1563 1014 1650 aufugisse.
1056 1565 1099 1628 Et
1113 1567 1192 1648 ipsun

40 1676 46 1699 '
159 1664 295 1732 verbum
319 1664 499 1730 κατέλιπεν
515 1665 626 1728 mitius
647 1674 707 1744 est,
728 1685 826 1749 quam
841 1676 878 1726 ut
900 1664 940 1729 de
962 1665 1107 1751 fugiente
1120 1663 1190 1728 Mose

160 1768 214 1833 hic
227 1760 415 1850 usurpatum
440 1767 493 1829 sit.
537 1763 573 1828 Si
597 1763 704 1829 Mosis
725 1764 837 1848 fugam
863 1766 899 1828 in
919 1779 1029 1831 mente
1054 1765 1191 1831 habuisset

162 1865 321 1953 epistolae
353 1877 481 1946 auctor,
509 1859 594 1928 haud
618 1863 723 1928 dubie·
740 1885 820 1928 usus
840 1865 957 1931 luisset
977 1866 1080 1932 verbo
1100 1865 1189 1954 ἔφυγε,
1207 1896 1220 1905 -

108 2026 118 2046 .,
161 1968 248 2055 quod
260 1966 379 2053 legitur
392 1965 466 2032 Act.
481 1969 511 2046 7,
529 1971 581 2030 29.
617 1963 739 2053 Neque
761 1987 822 2029 nos
843 1980 997 2049 moratur,
1019 1967 1102 2054 quod
1116 1985 1189 2052 eppo

73 2057 79 2065 ’
161 2080 293 2132 suerunt
307 2065 396 2130 illius
410 2069 589 2129 sententiae
604 2065 805 2146 defensores,
823 2069 1013 2152 scriptorem
1028 2070 1118 2152 prius
1130 2086 1189 2130 cou-
1213 2082 1219 2093 ·

159 2189 341 2235 memorare
357 2165 510 2230 debuisse
525 2164 672 2232 Paschae
688 2166 951 2249 celebrationem,
973 2190 1040 2232 non
1055 2168 1189 2253 migratio·

52 2330 55 2335 .
160 2290 236 2334 nem
252 2290 296 2332 ex
312 2267 473 2354 Aegypto.
518 2266 664 2352 Scriptor
687 2265 839 2352 exempla
859 2267 939 2333 fidei
958 2270 1123 2334 cumulans
1140 2263 1188 2331 hl

159 2375 240 2434 utu.
255 2366 375 2433 32-36.
395 2389 461 2433 nou
479 2367 612 2445 attendit
623 2367 772 2432 ordinem
791 2370 961 2454 temporiS,
982 2382 1020 2433 ut
1040 2369 1141 2433 solent
1153 2365 1187 2452 q'

64 2551 66 2556 s
160 2458 268 2534 eninm
285 2480 443 2532 commoto
457 2467 613 2532 scribunt.
657 2467 816 2550 Batneos,
840 2472 896 2556 qui
909 2492 973 2534 non
988 2469 1189 2535 vultadrnitte·

87 2618 89 2624 s
160 2593 197 2635 re
220 2561 363 2653 dortour
379 2566 554 2653 πρότερον,
586 2567 823 2650 animadvertit,
854 2571 918 2634 Ex.
944 2577 995 2652 10,
1017 2576 1058 2635 28
1080 2590 1125 2656 sq.
1145 2564 1190 2649 logi

160 2669 363 2736 Pharaonem
375 2665 471 2730 valde
490 2671 608 2732 iratum
622 2669 725 2732 fuisse
740 2667 840 2767 Mosi,
863 2675 957 2758 eique
978 2683 1113 2735 mortem
1122 2668 1191 2732 mini·

162 2781 272 2849 tatum,
295 2769 325 2831 si
346 2788 458 2830 rursus
477 2769 510 2831 in
530 2781 736 2854 conspectum
757 2772 862 2854 ipsius
887 2774 1032 2844 veniret3
1054 2781 1119 2832 tum
1137 2784 1191 2830 vero

162 2894 191 2935 o.
207 2879 245 2936 11
262 2891 311 2956 sq.
336 2871 480 2932 enarrari
505 2882 641 2933 mortem
667 2872 966 2957 primogenitorum,
986 2870 1194 2933 institutionem
1228 2858 1231 2923 1

161 2973 238 3037 festi
257 2967 421 3055 paschalis
444 2982 476 3032 et
495 2972 720 3054 migrationem
741 2969 964 3035 Israelitarum
991 2992 1038 3034 ex
1061 2971 1193 3053 Aegypto,
1229 2980 1231 2999 ²

59 3125 62 3133 .
162 3086 257 3159 atque
272 3070 357 3134 huno
371 3092 479 3136 rerum
496 3072 640 3135 ordinem
652 3083 799 3135 nostrum
818 3082 962 3135 secutum
976 3092 1063 3135 esse.
1105 3064 1193 3163 Sedh

160 3173 186 3239 l.
202 3172 396 3238 coniunctim
407 3173 626 3235 'memorantur
638 3174 688 3234 ira
701 3174 791 3257 regis
804 3183 836 3234 et
849 3171 1075 3236 Israelitarum
1094 3191 1137 3233 ex
1148 3168 1194 3231 At·

162 3287 259 3361 gypto
280 3271 480 3355 demigratio,
503 3285 597 3358 atque
620 3273 700 3336 adeo
723 3261 830 3335 sermo
853 3283 903 3335 est
924 3272 965 3336 dc
980 3274 1031 3336 ira
1046 3273 1131 3356 regis
1144 3283 1195 3330 cum

163 3375 385 3459 comperisset,
405 3368 573 3436 israelitas
597 3394 642 3437 ex
664 3374 813 3458 Aegypto
836 3364 1013 3460 emigrasse
1034 3394 1066 3436 v.
1084 3373 1145 3435 Ex.
1160 3373 1195 3443 11,

163 3480 182 3541 5
206 3495 276 3560 sqq.
313 3471 373 3536 τὸν
394 3473 456 3559 γαρ
477 3469 625 3559 α’όρατον
647 3462 689 3549 ὡς
712 3470 799 3558 ὁρῶν
826 3472 1043 3563 ἐκαρτέρησε]
1071 3483 1197 3558 tanqum

147 3574 270 3641 'Deum
293 3573 380 3640 baud
401 3575 646 3660 adspectabr‘lem
670 3586 836 3655 cerneret,
854 3575 983 3652 fortem
998 3575 1195 3662 repraestitit·

162 3677 189 3740 F
190 3676 316 3739 iduoiae
332 3670 437 3736 Mosis
453 3677 489 3737 in
503 3673 576 3738 Deo
592 3677 756 3759 repositae
769 3676 955 3760 magnitudo
977 3675 1029 3740 his
1051 3675 1153 3740 verbis
1166 3670 1196 3733 si·

164 3775 350 3862 gnificatur3
372 3772 411 3835 de
426 3777 691 3857 praesentissima
704 3775 770 3840 Dei
785 3797 846 3861 ope
860 3778 923 3862 ipsi
936 3778 1196 3862 persuasissimum

166 3889 245 3940 erat.
268 3877 442 3958 καρτερεῖν
463 3872 609 3939 absolute
634 3879 791 3961 positum,
821 3888 910 3941 notat
923 3879 1021 3955 sorti
1034 3885 1196 3944 animosae

164 3977 350 4056 2Maco.7‚
367 3981 417 4040 17.
440 3971 537 4040 σιν-δὲ
559 3978 729 4063 καρτέριι,
759 3980 817 4043 καὶ
838 3975 962 4063 &seipso
983 3978 1033 4043 td·
1041 3975 1196 4061 μεγαλεῖον

166 4078 273 4143 αὐτοῦ
288 4075 401 4162 (Θεοῦ)
422 4071 550 4162 κράτος.
574 4075 637 4157 Sir,
652 4086 682 4159 2,
700 4087 730 4144 2.
754 4078 901 4145 εὔθυνον
919 4075 982 4156 τήν
1000 4075 1195 4164 scaphiorum

166 4179 225 4243 καὶ
243 4177 457 4268 καρτέρησον.
478 4175 631 4243 Aesohiu.
641 4177 729 4245 Dial.
738 4188 768 4265 3,
779 4187 809 4247 3.
831 4178 988 4269 καρτεροὶ
1003 4176 1193 4264 bo'yotfotttt
