2604 4746
396 256 556 382 Cnnur
582 263 696 380 illl.
715 320 761 381 v.
781 310 838 380 12.
957 274 980 333 Ῠ
1069 313 1158 392 113,

95 476 222 539 omnino
243 484 376 558 spectat,
398 493 569 558 perperam
592 469 613 534 ti
631 468 810 534 lectoribus
832 468 1019 535 referretur.
1063 469 1147 535 Cae-

95 587 195 639 terum
214 570 451 658 γυμνάζεσθαι
472 584 521 636 est
539 569 673 634 verbum
696 572 908 656 agonisticum
935 571 1001 634 vid.
1024 582 1089 634 not.
1106 571 1147 635 ad

95 679 198 753 esre.
240 700 242 704 Α
326 661 328 667 ‘

175 780 226 837 12.
248 765 354 836 Finita
368 773 584 857 disputatione
602 772 642 836 de
657 771 874 836 calamitatum
895 771 1045 852 utilitate,
1069 794 1145 837 con-

97 874 233 938 tinuatur
247 873 423 937 cohortatio
439 875 480 937 ad
493 871 571 936 fidei
582 873 804 936 constantiam.
834 872 877 934 Et
891 882 927 933 ut
942 872 1035 936 initio
1051 872 1146 936 huius

101 973 252 1056 epistolae
268 975 371 1056 partis
386 972 651 1053 consistentiam,
666 981 706 1039 19
722 993 770 1058 sq.
793 972 833 1035 de
846 974 1043 1056 praestantia
1064 995 1145 1058 pon·

105 1071 371 1138 tilicatusChristi
385 1073 486 1137 verba
502 1074 625 1139 iecerat
644 1075 799 1158 scriptor,
821 1084 916 1158 atque
933 1073 1147 1155 gravissimas

107 1172 447 1259 poenasdeiectoribus
468 1174 606 1236 minatus
622 1184 705 1254 erat,
726 1192 798 1235 eum
821 1192 862 1234 ue
884 1169 1049 1236 Mosaicae
1075 1177 1147 1261 qui-

112 1273 171 1340 dem
182 1274 265 1360 legis
280 1285 458 1338 contemtus
472 1275 602 1358 impune
615 1273 751 1337 cesserit
764 1269 921 1346 Israelitis
945 1272 989 1354 (v.
1005 1278 1055 1352 10,
1069 1276 1145 1359 28.),

113 1375 148 1437 ita
169 1377 232 1439 iam
262 1373 471 1437 conclusurus
501 1375 644 1457 priorem
683 1371 920 1458 generaliorem
955 1371 1147 1440 hortativum

113 1471 191 1538 huius
207 1473 363 1559 epistolae
376 1487 518 1561 partem,
540 1495 572 1538 v.
588 1480 639 1537 12.
654 1473 758 1536 denuo
770 1472 909 1564 lectores
927 1471 968 1534 ad
981 1471 1058 1536 fidei
1072 1496 1147 1557 per·

115 1577 310 1639 reverentiam
326 1577 457 1654 excitat,
479 1576 525 1637 ita
546 1586 582 1637 ut
606 1574 645 1637 de
668 1574 885 1636 institutorum
905 1567 971 1635 Dei
991 1594 1147 1640 novorum

115 1686 140 1736 et
150 1690 287 1740 veterum
302 1675 496 1754 discrimine,
519 1694 674 1739 novorum
687 1673 885 1759 praestantia
899 1684 985 1755 agat,
1008 1685 1040 1736 et
1054 1694 1084 1735 v.
1094 1681 1146 1741 25.

115 1773 182 1842 hnnc
196 1780 229 1840 in
248 1777 376 1840 modum
390 1787 642 1860 argumentetur:
655 1776 695 1838 si
713 1772 798 1859 legis
815 1769 983 1834 Mosaicae
1006 1784 1148 1837 contem-

114 1884 184 1940 tores
195 1897 316 1962 poenas
331 1877 497 1955 dederunt,
517 1874 736 1939 multominus
759 1874 815 1960 qui
830 1871 953 1937 Christi
976 1874 1076 1957 signa·
1091 1873 1146 1937 dc-

114 1990 216 2054 semnt,
238 1973 360 2061 poenas
372 1977 498 2041 divinas
519 1977 683 2060 effugient.
724 1972 821 2038 Haud
841 1975 937 2057 pauci
955 1973 1147 2058 interpretes
1242 2007 1245 2014 ·

113 2077 290 2140 contendunt
304 2096 336 2137 v.
354 2082 404 2139 14.
427 2067 604 2138 extremam
617 2072 775 2160 epistolae
789 2084 914 2158 partem
934 2068 1043 2153 ordiri,
1066 2095 1149 2158 quae

114 2171 258 2240 contineat
273 2173 529 2242 exhortationem
543 2175 585 2238 ad
604 2175 681 2248 fidei
702 2177 912 2240 constantiam
936 2193 1007 2236 cum
1030 2177 1148 2250 sancti-

113 2282 164 2339 tate
176 2279 260 2339 vitae
276 2286 309 2337 et
324 2276 511 2338 castimonia
528 2276 738 2355 coniunctam,
760 2265 906 2360 rariique
926 2274 1056 2356 generis
1076 2272 1147 2338 offi·
1192 2278 1194 2282 ’
1250 2349 1253 2355 ¹

112 2376 152 2440 cia
160 2373 334 2441 lectoribus
346 2375 492 2457 iniungat
503 2394 535 2435 v.
552 2380 611 2437 14·
622 2396 650 2437 c.
670 2379 834 2453 13,1-18.
878 2371 944 2436 Sed
960 2374 989 2436 si
1010 2394 1148 2460 eaquae

110 2474 171 2541 inde
191 2499 212 2540 a
230 2498 262 2540 v.
285 2481 405 2538 12·29.
426 2473 576 2558 leguntur
600 2471 786 2557 diligentius
810 2471 1076 2554 consideraveris,
1096 2476 1148 2537 in·
1188 2549 1190 2554 Ι

108 2575 237 2662 telliges,
260 2578 447 2660 scriptorem
462 2577 496 2636 in
516 2572 611 2635 huius
628 2574 742 2656 capitis
765 2585 858 2664 parte
877 2570 990 2638 ultima
1010 2594 1148 2658 pergere

105 2677 259 2742 cohortari
282 2674 323 2738 ad
353 2686 550 2738 constantem
568 2673 732 2737 doctrinae
752 2673 946 2738 christianae
958 2676 1147 2760 professio-

104 2797 181 2854 nem,
203 2789 235 2838 et
248 2774 349 2839 verba
362 2795 394 2837 v.
413 2778 521 2839 1416.
543 2765 802 2839 cohaerere‘c'um
814 2770 963 2859 proxime
975 2795 1148 2858 praegres-

102 2899 136 2941 sa
148 2877 371 2941 exhortatione
387 2875 426 2938 ad
439 2873 517 2949 fidei
540 2875 813 2956 perseverantiam
832 2874 900 2938 vid.
913 2869 979 2938 not.
994 2874 1036 2937 ad
1049 2896 1081 2937 v.
1097 2881 1147 2938 14.

101 2989 132 3042 et
145 2983 195 3051 16.
216 2975 269 3039 διὸ
288 2984 495 3060 quopropter,
517 2992 590 3036 cum
605 2984 669 3037 tam
686 2966 867 3038 salutarem
889 2973 1025 3038 fructum
1044 2974 1148 3039 malo·

99 3100 167 3141 rum
191 3073 338 3140 toleratio
361 3073 502 3159 fideique
522 3074 701 3136 constantia
719 3074 834 3156 pariat.
875 3070 1041 3137 Laudatur
1055 3075 1149 3140 locus

99 3177 160 3242 les.
178 3181 229 3256 35,
243 3181 273 3239 3.
295 3173 351 3237 ubi
362 3174 519 3259 propheta
534 3170 718 3259 populares,
739 3168 903 3235 Israelitas
919 3172 1035 3237 exules
1053 3178 1149 3263 erigit

98 3289 131 3342 et
153 3274 346 3339 consolatur.
383 3274 543 3341 ,Intextu
561 3271 725 3337 Hebraico
749 3270 796 3334 ibi
818 3270 953 3357 legitur:
975 3284 1046 3362 1:772
1073 3287 1149 3367 apat}

97 3389 184 3462 astat}
209 3368 315 3465 nibai}
338 3383 450 3465 072]ss
473 3372 808 3459 nianieronymus:
831 3373 1017 3450 confortate
1038 3397 1150 3445 monor
1239 3444 1242 3448 ,

96 3479 268 3554 dissolutor
281 3483 314 3538 ct
326 3495 430 3556 gertus
444 3474 560 3540 detnsa
575 3473 726 3540 roborate
739 3469 851 3537 LXX.
865 3475 971 3537 minus
984 3489 1148 3545 accuratet
1222 3472 1227 3479 ’

97 3573 253 3663 ἰσχύσατε
272 3575 387 3661 χεῖρες4
404 3574 594 3657 arreptans,
632 3572 696 3636 καῖ
718 3569 849 3656 γόνατα
864 3617 866 3624 1
880 3575 1152 3661 sapalrivpte'vcs

97 3678 247 3743 Bilsmr'us
264 3679 383 3754 statuit,
403 3672 561 3757 epistolae
585 3684 748 3736 auctorem
765 3671 865 3736 verba
888 3676 1046 3738 versionis
1069 3674 1149 3740 Ale.

98 3778 277 3843 xandrinae
299 3796 357 3837 suo
370 3771 753 3851 oonsiliotconveuisnter
769 3774 965 3837 immutasse.
1007 3773 1077 3839 Alii
1098 3774 1151 3839 lo·-

97 3901 171 3949 cum
191 3876 376 3940 memoriter
399 3872 564 3937 laudatum
587 3893 660 3936 esse
683 3883 855 3939 autumant.
898 3871 975 3945 Mea
997 3875 1148 3957 opinione

98 4000 163 4044 non
175 3976 318 4041 laudavit
334 3976 470 4058 scriptor
484 3971 609 4037 lesaiae
621 3972 737 4053 locum,
755 3974 813 4038 sed
826 3972 925 4051 verha
938 3971 1053 4059 quihus
1068 3995 1147 4038 usus

97 4090 159 4158 est,
181 4097 263 4162 quae
281 4077 377 4139 etiam
396 4073 478 4138 alias
502 4084 671 4151 occurrunt
692 4085 783 4137 erant
803 4073 947 4138 solennis
968 4069 1147 4142 etdudaeis

96 4173 294 4246 usitata-illo
315 4186 458 4260 tempore
469 4175 644 4239 excitatio.
663 4195 696 4241 v.
711 4185 784 4237 mot.
805 4174 848 4239 ad
862 4178 912 4254 13,
927 4177 960 4239 5.
1000 4170 1146 4248 Verbum
