2632 4740
119 311 199 385 164
249 398 251 404 Α
383 376 390 385 ,
420 352 424 360 ·
453 260 613 379 Carus
638 302 684 376 V.
717 322 757 376 v.
787 305 845 411 1'1.

125 469 333 537 acerbitatem
347 464 471 533 emollit
485 479 519 532 et
533 468 702 554 mitigati,
719 471 807 547 11-6,
823 471 874 531 13.
895 454 898 459 ’
919 462 1059 550 Scripsit
1077 475 1191 527 auctor

126 573 167 636 de
181 568 346 635 Hebraeis
363 570 574 649 coniunctim,
597 569 693 655 'quod
707 579 830 632 tantum
844 577 970 651 partem
985 586 1101 630 eornm
1118 587 1190 652 spe·

125 669 252 751 ctabat,
280 681 314 733 et
333 667 394 732 hac
414 670 572 734 orationis
594 668 699 733 forma
711 665 834 731 Paulus
846 676 973 754 qnoqu'e
987 669 1022 731 in
1037 665 1188 753 epistolis

126 769 404 856 suis-frequenter
424 790 505 834 usus
527 782 587 834 est.
629 769 697 833 sic
720 775 735 832 1
754 766 831 832 Cor.
847 774 876 848 1,
888 770 930 837 ,5.
950 771 984 830 6.
1011 771 1186 853 generatim

127 869 257 951 scribit,
281 868 467 934 Corinthios
480 871 599 934 ditatos
613 890 686 934 esse
701 858 849 934 omnibus
865 869 963 932 animi
976 866 1090 951 bonis,
1115 890 1185 932 con·

128 983 259 1037 secutos
280 990 357 1033 esse
377 982 561 1035 accuratam
582 972 685 1034 omnis
701 970 867 1033 doctrinae
886 962 1017 1032 divinae
1031 971 1181 1055 cognitio·

126 1093 217 1152 nem,
254 1083 287 1137 et
305 1067 516 1135 nihilominus
536 1082 643 1134 tamen
668 1071 782 1134 cosin
805 1068 943 1156 epistola
964 1065 1025 1132 ille
1045 1071 1179 1155 graviter

124 1171 335 1258 reprehendit
352 1170 394 1236 ab
411 1171 613 1255 ignorantia,
640 1152 790 1234 a‘strrdiis
803 1171 915 1256 pravis
932 1174 995 1251 3‚1
1012 1190 1085 1256 sqq.
1096 1168 1177 1255 flagi-

127 1276 184 1337 tiis
206 1293 235 1343 c.
249 1277 281 1337 5.
302 1275 334 1335 6.
382 1268 564 1336 Verissirne
586 1270 788 1356 Augustinus
809 1292 862 1356 ep.
883 1274 936 1335 59.
955 1266 1002 1335 ad
1019 1267 1173 1343 Paulinum

129 1371 218 1458 opp.
233 1369 276 1436 Τ.
290 1379 322 1436 2.
343 1390 378 1456 p.
394 1375 467 1435 301.
489 1377 688 1456 sempiterne,
713 1370 841 1453 scribit,
863 1380 930 1435 mos
943 1365 1012 1447 esi,
1037 1377 1087 1434 ilo
1104 1373 1175 1455 loqtc'
1215 1408 1217 1463 3

128 1477 169 1540 de
177 1481 299 1557 porte,
326 1458 478 1556 inaquam
498 1474 538 1537 dc
554 1472 635 1536 loto?
679 1470 770 1536 sacr
781 1469 929 1558 (Paulus)
953 1469 1171 1536 Corinthiacis
1212 1486 1217 1559 1

78 1566 88 1577 ’
122 1579 241 1660 primis
258 1588 340 1646 secere¹
351 1573 505 1657 eptitolac
516 1572 670 1656 partebus
688 1581 737 1639 ila
755 1576 885 1653 laudat,
907 1579 1068 1656 tanquam
1083 1590 1171 1635 onnes

74 1688 78 1697 ’
128 1672 214 1741 icles
230 1679 313 1752 urst,
340 1678 533 1737 aamercort
553 1672 730 1739 laudabiles
752 1677 877 1761 quidum
893 1692 1012 1736 eoram.
1033 1671 1074 1734 cf.
1092 1672 1170 1735 etiam

49 1810 54 1821 ·
131 1773 280 1840 Classico
290 1768 375 1837 Phil.
390 1769 425 1834 S.
439 1792 472 1856 p.
492 1764 573 1839 1243
589 1793 638 1860 sq.
667 1774 841 1861 Konppim
857 1776 892 1837 in
907 1772 984 1836 edit.
1000 1770 1044 1841 Ν.
1057 1771 1099 1838 Τ.
1117 1770 1169 1836 eni·

123 1872 318 1952 madvertit,
347 1871 532 1936 tarditatem
546 1871 771 1938 Hebraeorum
786 1894 933 1938 caussam
945 1871 1075 1953 afferri,
1104 1887 1168 1957 qnae

79 2052 81 2057 Ι
122 1972 309 2062 vpleniorem
322 1970 419 2035 huius
434 1974 612 2057 argumenti
634 1974 867 2058 (similitudinis
883 1973 1005 2039 Christi
1018 1995 1091 2037 cnm
1100 1967 1167 2036 Mel·

129 2060 314 2157 ohisedeco)
334 2074 557 2139 tractationem
577 2072 743 2160 efflagitet.
790 2073 848 2140 Me
869 2068 934 2136 non
955 2071 1055 2138 habet
1075 2092 1167 2139 essen·

127 2178 273 2240 tientem.
325 2170 410 2238 Nam
430 2174 535 2250 noi-dc
557 2176 678 2238 indicat
700 2177 750 2241 rei
767 2174 929 2238 dicendae
950 2173 1128 2240 ubertatem
1144 2180 1167 2236 ot

127 2268 338 2359 gravitatem,
373 2284 406 2336 et
422 2274 555 2358 νωθροὶ
572 2277 713 2361 pertinet
734 2277 776 2341 ad
797 2272 1076 2360 δυσερμήνευτος,
1112 2277 1167 2361 ipss

128 2387 236 2439 autem
254 2374 419 2457 copiosior
438 2377 618 2459 argrrmenti
639 2379 786 2441 tractatio
806 2376 847 2439 ad
867 2377 997 2440 modum
1015 2379 1167 2463 magistro·

4 2536 7 2543 a
127 2480 200 2540 ιιιιιιι
213 2473 417 2539 Iudaicorum
431 2496 460 2538 o.
473 2479 504 2539 7.
520 2476 828 2556 instituta‚‚voeatur
839 2481 869 2558 5,
889 2483 940 2540 14.
961 2476 1096 2567 τελερων
1112 2499 1167 2545 orr-

64 2561 68 2569 ’
127 2573 190 2660 oroi
209 2572 318 2663 τροφή
331 2579 368 2656 ,6,
380 2581 416 2651 ,1.
437 2570 602 2654 reiectione
614 2577 789 2660 perfectior
801 2577 976 2660 institutio,
996 2580 1039 2642 iis
1052 2580 1106 2666 qui
1118 2599 1166 2642 an·

122 2673 250 2762 pliores
263 2675 298 2737 in
315 2672 475 2761 religione
490 2697 685 2761 progressus
698 2678 846 2744 fecerunt
858 2681 1064 2746 conveniens.
1106 2676 1167 2744 Pro·
1204 2678 1207 2683 ’

127 2763 246 2840 nomen
274 2765 314 2840 οὗ
337 2773 450 2860 plures
475 2777 669 2862 interpretes
694 2775 873 2842 masculino
900 2799 1020 2862 genere
1046 2782 1167 2867 positum

128 2898 203 2941 esse
221 2885 382 2957 statuunt,
408 2888 441 2939 et
453 2874 507 2939 vel
522 2877 563 2939 ad
575 2877 757 2957 Christum,
783 2875 838 2964 vel
855 2878 896 2941 ad
910 2877 1167 2946 Melchisedecm

80 2996 81 2999 ’
126 2977 282 3042 referunt.
323 2967 477 3040 Admissa
486 2978 595 3062 priore
610 2980 786 3060 sententia,
814 2976 970 3063 languida
987 2984 1101 3046 existit
1112 2999 1166 3045 om·
1195 2958 1199 2975 Ι

91 3080 190 3160 urio,
221 3088 359 3142 utrecte
379 3075 744 3158 obtenebremur,
774 3080 846 3166 qui,
877 3081 1048 3166 nrirumne,
1068 3083 1165 3170 inquit,
1196 3064 1217 3175 Ἰ

125 3177 227 3243 multa
246 3189 418 3262 suppetere
440 3179 589 3263 scriptori
605 3191 716 3244 nostro
730 3180 865 3244 dicenda
880 3182 924 3244 tle
939 3179 1085 3263 Christo,
1107 3180 1166 3248 reli-

124 3282 235 3366 gionis
251 3277 399 3359 auctore,
428 3278 470 3342 ad
483 3300 576 3364 quem
592 3283 699 3343 omnia
711 3283 781 3344 eius
797 3282 881 3345 dicta
899 3288 960 3367 p¹er
974 3305 1100 3348 omnem
1114 3283 1167 3370 epi·
1215 3280 1217 3285 ’

1 3370 6 3429 Ϊ
125 3377 245 3443 stolam
262 3373 434 3444 referenda
454 3383 563 3461 erant',
589 3391 622 3444 et
636 3381 676 3445 de
693 3403 757 3466 quo
778 3393 826 3445 tot
844 3385 909 3446 iam
927 3381 1028 3453 verba
1044 3377 1166 3449 fecerati

124 3479 343 3544 Posteriorem
364 3481 555 3547 sententiam
570 3482 735 3560 Peircius,
765 3483 883 3570 aliique
904 3485 1099 3568 interpretes
1116 3504 1167 3549 an·

122 3578 218 3668 plexi
240 3591 330 3661 sunt,
361 3579 478 3666 quibus
494 3582 704 3666 praeiverunt
719 3582 818 3664 Syrus
840 3585 1000 3669 interpres
1019 3597 1052 3648 et
1064 3585 1166 3660 Arabs,
1197 3580 1200 3585 ¹

17 3697 22 3705 '
115 3684 181 3774 'qui
206 3701 323 3745 nomen
343 3677 583 3751 Melchisedeci¹
601 3683 866 3747 interseruerunt.
914 3684 958 3748 At
976 3690 1011 3748 in
1034 3689 1167 3772 proxime

122 3782 322 3867 antegressis
341 3781 382 3846 de
403 3780 613 3847 similitudine
634 3785 720 3847 inter
734 3783 898 3848 Christum
919 3796 950 3847 et
964 3784 1167 3853 Melchisede·
1211 3802 1217 3849 t

123 3903 195 3946 cnm
212 3880 430 3946 intercedente
445 3903 552 3971 sermo
568 3884 691 3965 fuerat,
721 3886 901 3948 rectissime
917 3886 1018 3969 igitur
1034 3886 1166 3974 plerique

120 3993 327 4047 enarratores
348 3983 425 4071 περὶ
443 3975 542 4059 oded
561 4006 687 4048 omnem
704 3986 926 4049 tractationem
940 3987 1166 4059 instituendam,
1213 4004 1217 4085 p

123 4083 165 4146 sd
182 4076 422 4147 similitudinem
446 4081 619 4148 sacerdotii
638 4082 872 4149 Melchisedeci
899 4106 971 4148 cum
998 4087 1164 4151 sacerdotio
1213 4096 1217 4159 ῑ

122 4180 245 4250 Christi
258 4183 416 4268 referunt,
448 4196 483 4250 ut
496 4185 579 4251 adeo
602 4184 679 4272 arpi
696 4177 735 4252 οὗ
757 4184 956 4252 reddendum
974 4189 1034 4255 sitt
1063 4185 1164 4278 quote
1212 4164 1217 4199 ⁴
