2632 4740
248 386 251 390 A
325 262 654 374 -CarurVIL
690 316 728 372 v.
758 300 820 374 25.
1026 251 1136 380 ¹251
1242 310 1249 321 “

101 462 228 546 eferunt,
243 465 418 551 posteriori
431 465 486 551 qui
498 485 570 530 eam
584 455 655 529 cum
667 460 768 527 verbo
784 460 927 532 δύναται
942 466 1146 554 coniungen··

101 565 152 629 lam
167 587 241 629 esse
257 567 409 629 iudicant.
456 562 609 631 Sclmttar
621 565 731 630 vertit:
754 573 864 650 quovis
877 577 1030 652 tempore.
1072 569 1137 642 Re-

101 669 179 747 :tius‚
200 667 433 747 meoiudicio,
463 660 513 740 εἰς
532 661 571 730 ed
600 667 760 742 παντελὲς
781 687 852 731 cum
873 667 975 732 verbo
994 668 1140 737 δύναται
1222 660 1224 669 ’

101 767 257 852 copulatur.
300 766 453 852 Sequitur
468 767 554 830 enim
569 761 715 831 πάντοτε
730 767 806 847 ζῶν,
828 779 861 832 et
875 770 1035 833 sententia
1054 773 1139 835 inest

101 867 188 932 verbis
207 869 305 933 haec:
327 861 404 954 qu'ia
424 869 459 937 in
479 868 659 931 sacerdotio
683 865 792 931 nullos
812 885 1016 934 successores
1029 868 1137 953 habet,

101 969 140 1032 sed
154 988 282 1053 semper
300 969 398 1049 vivit,
421 989 525 1055 eoque
545 967 704 1052 fungitur,
726 987 855 1053 semper
873 971 1139 1055 potestsalutem
1231 984 1233 991 '

101 1070 197 1134 afferre
211 1073 254 1133 iis
268 1071 325 1157 qui
339 1068 447 1147 Deum
462 1069 590 1161 adeunt.
612 1065 759 1135 δύναται
774 1081 869 1154 aptus
888 1083 940 1136 est
956 1083 988 1134 et
999 1072 1138 1137 'idonens

101 1170 197 1235 ridad
221 1176 252 1251 5,
274 1177 306 1234 2.
334 1169 414 1245 τους
434 1168 717 1257 προσερχομένους
737 1164 780 1236 δι’
803 1167 908 1237 αὐτοῦ
928 1167 976 1258 τῷ
996 1172 1068 1260 Θεῷ
1087 1181 1143 1258 qui
1234 1238 1236 1247 .

101 1269 183 1337 Dtem
194 1275 314 1339 adeunt
329 1270 492 1356 precibus,
515 1268 581 1335 Dei
598 1270 742 1336 favorem
755 1271 820 1336 sibi
838 1284 986 1354 exorant,
1009 1285 1040 1339 et
1056 1277 1139 1360 opti-

101 1391 137 1435 ma
147 1392 292 1457 quaeque
305 1371 345 1438 ab
362 1393 400 1435 eo
418 1384 552 1456 sperant
565 1370 638 1436 coll.
650 1392 682 1434 r.
699 1377 748 1436 19.
764 1379 797 1451 4,
813 1377 864 1437 16.
888 1373 934 1439 δι’,
953 1373 1058 1440 αὐτοῦ
1073 1396 1139 1461 per

101 1493 151 1536 erm
164 1472 294 1556 Christo
307 1472 474 1537 sacerdote
495 1481 530 1536 et
548 1472 724 1537 mediatore
749 1470 835 1535 freti.
858 1471 1004 1540 δύναται
1024 1473 1140 1555 σώζειν

101 1572 129 1635 iis
137 1585 337 1660 peccatorum
348 1576 478 1638 veniam
499 1583 532 1636 et
548 1569 735 1635 felicitatem
754 1592 930 1657 perennem
953 1568 1142 1642 conciliare.
1258 1600 1261 1607 ·

101 1670 223 1740 τάντοτε
241 1673 305 1754 ζῶν
318 1666 368 1748 εἰς
383 1672 422 1739 τό
436 1670 645 1758 ἐντυγχάνειν
658 1668 741 1757 ὑπὲρ
755 1671 878 1759 αὐτῶν]
894 1683 975 1760 quie
981 1692 1139 1765 perpetuo

101 1782 169 1855 νἀῒ,
189 1785 299 1863 cipro
314 1781 356 1840 iis
371 1776 573 1859 deprecetur.
596 1767 742 1838 πάντοτε
758 1772 803 1836 11.
819 1775 871 1861 qd.
886 1770 935 1851 εἰς
952 1776 1012 1842 τόν
1031 1775 1139 1845 αἰῶνα

101 1895 120 1943 ι.
133 1884 180 1942 21.
203 1868 413 1962 ἐντυγχάνειν
428 1873 640 1957 improprie
655 1871 755 1937 valet:
777 1879 922 1942 incidere
942 1883 977 1942 in
993 1883 1139 1965 aliquem,
1240 1936 1243 1943 .

101 1981 371 2054 accommodem,
393 1977 433 2041 de
450 1972 818 2060 personisXen.,Anab.
832 1983 863 2057 1,
881 1967 911 2042 2.
927 1982 979 2049 27.
995 1985 1032 2058 8,
1051 1986 1140 2045 1.10.

101 2075 297 2165 Theophrast.
319 2076 418 2143 Char.
444 2083 473 2155 1,
495 2079 527 2138 2.
550 2075 621 2162 τοῖς
646 2072 856 2162 ἐντυγχάνειν
880 2076 969 2142 κατά
994 2079 1141 2159 σπουδήν

101 2178 296 2266 1ουλομένοις
306 2171 493 2266 προστάξαι
502 2172 717 2239 ἐπανελθεῖν.
726 2176 924 2263 Hesychius:
941 2176 1141 2265 ἐντυγχάνει,

101 2281 305 2368 τροοὲρχεται.
324 2273 687 2363 τ.Κχγ1ι“υιοοΒοιιι.
705 2283 756 2356 11,
774 2284 804 2341 2.
832 2274 920 2368 Hinc
942 2289 1032 2341 notat
1051 2280 1141 2344 adire

101 2380 221 2471 aliquem
235 2383 296 2458 cel,
319 2391 357 2443 ut
367 2378 407 2444 ab
425 2398 464 2441 eo
477 2373 538 2440 tibi
553 2373 676 2461 aliquid
690 2387 840 2460 expetas,
854 2378 942 2443 unde
951 2383 1143 2465 precesse-

101 2502 157 2548 eere
171 2484 316 2568 Sapient.
329 2487 359 2561 8,
374 2487 427 2544 21.
448 2476 599 2561 ἐνέτυχον
611 2477 657 2562 τῷ
670 2471 771 2565 κυρίῳ
785 2478 843 2542 καὶ
858 2477 1011 2560 ἐδεήθην
1030 2481 1143 2549 αὐτοῦ.

101 2587 139 2664 16,
153 2590 204 2649 28.
226 2582 285 2646 καὶ
301 2578 386 2668 τιρός
400 2575 572 2656 αὐατολὴν
586 2572 698 2667 φωτὸς
712 2566 923 2666 ἐντυγχάνειν
938 2601 991 2645 σοι
1005 2583 1085 2670 (6εῆ
1099 2588 1145 2652 ad

101 2693 186 2750 triam
200 2687 275 2749 solie
284 2678 488 2766 precerifot
503 2688 570 2743 eet:
591 2681 653 2760 cel,
675 2689 712 2740 ut
734 2678 919 2763 depreceris
940 2683 1142 2770 proaliquo,
1234 2692 1236 2697 '

101 2786 170 2849 unde
192 2780 412 2869 ἐντυγχάνειν
432 2791 465 2844 et
487 2778 676 2865 simpliciter
704 2782 860 2869 positum,
889 2780 983 2846 Philo
1006 2781 1047 2845 de
1071 2781 1142 2849 vn.

101 2879 170 2952 Mos.
183 2891 303 2973 pere.
318 2883 356 2948 Β.
380 2880 495 2946 Moses
512 2879 732 2965 ,ἐνετύγχανεν
749 2877 889 2968 dmartii
908 2884 959 2970 τῷ
975 2882 1064 2969 Θεῷ,
1084 2877 1144 2950 ἰ’να
1205 2954 1206 2958 ,

101 2972 311 3073 ἐξάγιηχάνυν
329 2979 473 3072 ῥάσηται
488 2981 671 3071 συμφορῶν
693 2985 832 3067 υνγγιέοιν
852 2986 933 3048 clam
949 2981 1054 3048 Deam
1073 2987 1144 3052 odi·

101 3081 154 3168 dot,
174 3100 211 3154 rt
227 3109 282 3153 eor
293 3110 316 3153 ο
329 3088 511 3171 desperetis
530 3083 624 3150 rebor
644 3088 805 3167 eriperet‚·
827 3094 859 3145 et
878 3082 987 3170 addita
1005 3105 1144 3171 praepo.

102 3187 203 3266 sitione
224 3187 305 3275 ὑπὲρ
331 3184 508 3273 significat:
536 3188 711 3271 deprecari·
728 3181 820 3255 Rom·
841 3189 872 3262 8,
891 3175 944 3246 27.
965 3189 1016 3248 28.
1037 3189 1146 3252 velut
1175 3253 1181 3267 ‚

102 3291 213 3354 omnino
231 3309 378 3353 caussam
390 3286 525 3350 alicuius
543 3306 622 3370 agas
643 3285 758 3371 quovis
779 3281 887 3362 modo,
906 3281 980 3349 hinc
1000 3306 1145 3354 coerceam

102 3389 219 3456 neerei
232 3410 331 3474 egere
347 3396 368 3453 2
381 3388 486 3454 Maec.
499 3392 550 3466 15,
567 3393 683 3450 1214.
704 3382 778 3448 Ael.
796 3383 840 3448 H.
856 3381 900 3447 V.
914 3392 945 3465 1,
960 3389 1011 3449 21.
1028 3381 1090 3467 vel,
1109 3400 1146 3453 ut

101 3482 224 3557 alterum
243 3511 386 3570 accuses,
406 3487 491 3552 unde
507 3483 715 3571 ἐντυγχάνειν
729 3495 884 3581 sequente
903 3491 1146 3573 praepositione
1178 3502 1182 3519 ⁴

103 3593 179 3661 κατά
191 3592 313 3656 indicat
333 3596 509 3670 criminari,
533 3607 688 3655 accusare
702 3588 847 3678 aliquem,
863 3594 1018 3674 conqueri
1029 3591 1069 3656 de
1083 3593 1147 3656 ul·-

101 3705 151 3771 qtco
167 3693 260 3758 Rom.
275 3699 326 3775 11,
341 3698 372 3756 2.
401 3698 417 3755 1
433 3690 539 3756 Mace.
554 3696 584 3771 8,
596 3695 651 3754 32.
679 3692 731 3768 10,
745 3690 796 3750 61.
811 3690 863 3751 63.
892 3694 943 3770 11,
960 3693 1012 3753 25.
1039 3689 1146 3774 Apoc.

103 3792 206 3873 1210.
229 3807 262 3859 et
280 3792 417 3871 71Μιιοο.
439 3799 488 3874 10,
502 3797 554 3857 64.
575 3791 608 3856 οἱ
628 3784 885 3874 ἐντυγχάνοντες
908 3791 1030 3853 omissa
1050 3802 1145 3872 prae-

101 3899 251 3976 positione
278 3893 369 3960 κατά
393 3906 467 3958 sunt
493 3899 712 3970 accusatores,
746 3890 918 3970 delatores.
970 3886 1146 3963 Quaeritur

101 3991 154 4063 ian
171 3989 234 4086 quo
250 4018 348 4061 sensu
360 3995 393 4060 h.
409 3994 433 4060 l.
453 3994 533 4061 haec
554 3990 693 4058 formula
713 3989 869 4074 capienda
888 3992 939 4054 sit.
981 3986 1146 4076 Vulgatns
1188 4045 1190 4050 .
1238 4034 1244 4047 .

101 4102 202 4168 uertit:
225 4102 271 4166 ad
282 4095 547 4185 interpellandum
554 4116 619 4182 pro
636 4091 734 4159 nobie·
780 4089 958 4157 castellio:
969 4092 1016 4158 ad
1027 4095 1146 4179 suppo·-
1207 4114 1215 4127 ·

101 4203 226 4275 :mom
253 4213 319 4290 pro
350 4206 401 4269 tie.
451 4198 669 4266 acroteria:
697 4212 975 4269 commeaveram
1002 4203 1145 4260 aeterne.
