2604 4746
192 315 281 393 ,160
449 290 969 382 4οονσνΧΙΙ.-ν.3.’

119 468 124 475 “
209 500 240 562 p.
260 478 312 541 27.
335 473 386 538 ed.
416 466 550 536 Werrel.
571 476 601 550 8,
624 450 673 533 10.
699 492 732 554 p.
747 472 835 535 ’623
864 428 1068 556 Thucydsss',
1088 480 1117 538 8.
1136 471 1234 536 Thon.
1286 492 1289 519 ¹

207 576 295 663 Mag.
312 571 512 658 καταφρονῶ
523 567 565 645 τίς
581 570 636 634 ἐπὶ
653 566 692 634 ad
707 569 866 659 πλεῖστον
877 575 947 663 μὲν.
956 575 1072 665 γενικῇ
1086 573 1239 639 coridon-
1285 606 1289 659 ¹.

208 700 276 751 ται,
296 673 369 765 ἔστι
381 673 426 765 οἀὲ
449 662 537 741 ὅσον
562 670 621 734 καὶ
635 665 820 756 αἰτιατικῇ.
865 668 962 747 Quod
974 671 1090 738 ultima
1104 673 1241 738 verbam·
1286 666 1289 691 ³

110 818 113 823 <
206 781 287 842 tinet
303 776 337 840 ἐν
353 770 447 859 δεξιᾷ
462 786 492 836 κ.
509 794 538 836 τ.
553 769 664 861 navit.
679 781 744 834 not.
762 771 803 834 ad
820 778 849 851 1,
867 778 898 837 3.
918 771 984 844 Pro
997 768 1164 840 ἐκάθισεν
1178 766 1243 860 quod

208 899 253 944 ox
265 875 347 940 locis
362 869 529 957 parallelis
542 869 695 934 inlocum
707 868 898 934 translatum
915 883 975 954 est,
988 873 1084 938 multi
1097 875 1187 938 codd.
1201 896 1244 938 ex·

207 976 319 1041 hibent
341 972 541 1046 κεκάθικεν,
578 993 672 1057 quam
691 969 862 1035 lectionem
881 985 969 1036 recte
992 976 1028 1038 in
1049 975 1194 1038 ordinem
1210 997 1259 1055 re,

208 1085 367 1162 ceperunt
383 1072 625 1154 Grierlacdlnr,
647 1070 875 1155 Mattdcelar,
891 1073 1078 1164 Kaapptar,
1104 1074 1247 1156 sclarea,

215 1179 363 1245 Vaterno.
473 1184 496 1211 ·’'
551 1184 554 1192 '
787 1194 790 1199 ·
920 1210 934 1241 .’
1215 1200 1218 1205 ·

195 1353 197 1359 ,
292 1282 323 1342 3.
346 1274 398 1340 Ad
425 1271 566 1337 lectores
590 1273 711 1339 diserte
734 1294 771 1339 se
794 1275 952 1338 convertit
975 1277 1093 1340 oratio.
1115 1273 1251 1359 ἀναλογί·

208 1379 324 1445 cnolle
342 1372 411 1459 -yda
435 1372 496 1439 τόν
518 1370 679 1455 τοιαύτην
696 1374 730 1439 κ.
754 1397 784 1440 τ.
798 1373 842 1460 λ]
861 1377 1063 1442 conrlderate
1080 1376 1160 1462 (vid.
1173 1378 1250 1463 Κγμ

210 1473 431 1558 accentui.)
455 1482 561 1539 autern
584 1494 664 1556 ean,
687 1475 891 1561 dignitatem,
913 1477 1119 1573 sanctitatem
1143 1479 1209 1543 eius
1226 1475 1250 1540 r.

210 1585 241 1661 7,
254 1568 309 1645 26.
326 1587 359 1657 4,
376 1581 426 1641 15.
448 1581 504 1660 μιν·
516 1575 619 1639 talen
641 1586 824 1661 tantamque
849 1578 1002 1647 adversar
1027 1599 1063 1642 re
1087 1598 1252 1667 repugnas·
1288 1662 1290 1667 Ι

175 1732 178 1737 .
210 1687 289 1747 lton
305 1677 345 1744 ad
359 1680 464 1761 inpiis
478 1677 638 1758 expertas
653 1683 712 1740 ert.
748 1673 896 1739 Verbum
911 1671 1102 1759 ἀπολέγειν
1118 1691 1251 1742 nonna-
1288 1674 1291 1713 ¹

144 1806 149 1811 ¹
211 1792 279 1847 tum
294 1775 454 1863 signifieat
475 1798 510 1841 re
530 1772 758 1869 alicnc'n‘erla'r,
780 1775 840 1837 sed
861 1776 958 1839 etiam
968 1775 1084 1853 focile
1099 1788 1252 1864 ογμοιιιτι,
1273 1768 1280 1781 ’

119 1906 123 1922 ·
210 1881 454 1955 rebellantem,
476 1872 912 1959 utHebr..2⁵7Hos.4,4.
933 1874 1253 1958 sustentandi
1288 1936 1291 1955 ,

209 1984 243 2048 ol
253 1978 278 2045 o'
294 1977 429 2044 habent:
452 1974 534 2061 πρὸς
550 1975 638 2040 λαόν
650 1971 858 2040 ἀπειθοῦντα
872 1975 931 2039 καὶ
945 1973 1179 2060 ἀντιλέγοντα·
1192 1977 1251 2041 add.
1287 1972 1291 2059 1

141 2132 143 2137 .
211 2082 347 2159 loh.l9‚
364 2083 415 2143 12.
444 2074 512 2141 Tit.
526 2082 557 2155 2,
572 2064 604 2140 9.
635 2073 691 2140 Sic
711 2072 890 2162 ἀντιλογία
905 2077 990 2163 qnod
1004 2076 1076 2141 lud.
1092 2098 1125 2142 v.
1144 2085 1193 2143 11.
1210 2098 1251 2143 τι·
1285 2064 1291 2173 1

154 2203 157 2211 ·
210 2183 374 2247 λιΙΙίοκτοι
401 2177 537 2258 indicat,
563 2175 596 2240 h.
623 2165 659 2239 l.¹
679 2177 812 2240 omuino
837 2183 1087 2262 repugnantiam
1118 2179 1251 2243 declarat.
1289 2178 1292 2221 ²

212 2280 369 2348 Petebant
384 2280 533 2341 nimirum
545 2275 659 2340 ludaei
673 2272 781 2341 Iesum
803 2279 967 2356 conviciis,
990 2276 1171 2360 calumniis,
1194 2300 1251 2342 eun
1278 2286 1292 2375 ’1

210 2382 369 2449 Messinm
381 2377 581 2457 reiiciebant,
603 2388 754 2464 tauquam
766 2381 974 2463 impostorem
993 2380 1028 2442 in
1042 2400 1171 2444 crucem
1189 2400 1251 2464 ege·
1290 2402 1292 2415 ·

212 2482 298 2547 bant.
340 2480 380 2544 ln
396 2477 557 2542 nonnullis
573 2476 667 2540 libris
680 2498 740 2560 pro
753 2474 917 2553 claudeda
930 2477 1051 2564 legitur
1073 2473 1126 2555 εἰς
1141 2477 1252 2554 adcola,
1289 2464 1292 2529 l

213 2607 231 2648 e
247 2581 458 2667 glossemate;
470 2577 643 2663 superflua
664 2576 856 2642 videbantur
879 2583 1087 2663 grammatico
1103 2580 1204 2644 verbu
1215 2575 1251 2654 είς
1289 2538 1292 2653 l

99 2760 101 2765 ¹
212 2681 318 2747 αὑτὸν
340 2678 444 2743 relata
467 2679 508 2742 ad
530 2678 655 2757 lesum,
683 2691 715 2739 et
740 2684 856 2743 nomen
886 2675 1063 2766 ἀντιλογία
1091 2680 1249 2767 aooipield

214 2785 254 2848 de
275 2780 500 2868 repugnantia,
524 2800 588 2864 qua
607 2778 718 2842 Iudaei
741 2776 840 2841 saluti
861 2799 940 2842 sune
961 2779 1130 2846 adversati
1149 2792 1249 2846 essent

172 2927 177 2941 .
214 2882 439 2951 Theodoretus
458 2872 503 2954 είς
522 2877 645 2954 αὐτούς
664 2879 764 2942 refert
784 2878 825 2946 ad
844 2876 1123 2964 ἀναλογίσασθε,
1154 2895 1186 2947 et
1207 2904 1251 2968 po

215 2987 310 3046 situm
332 3002 406 3045 esse
426 2983 471 3045 ait
489 3001 550 3065 pro
573 2977 653 3065 παρ’
673 2976 753 3064 ὑμῖν
777 2975 909 3060 αὐτοῖς,
929 2995 1134 3066 repugnante
1157 2982 1254 3048 verbo

211 3107 286 3157 rum,
299 3084 421 3149 ordine.
442 3075 499 3146 ’ίνα
513 3077 560 3166 μή
577 3077 716 3163 κάμητε,
732 3080 808 3154 ταῖς
820 3080 943 3169 ψυχαῖς
956 3079 1045 3165 ὑμῶν
1060 3080 1251 3168 ἐκλυόμενοι]

212 3206 254 3250 ne
270 3185 495 3265 defatigamini
512 3180 748 3247 calamitatibus
763 3188 883 3266 presel,
906 3202 948 3244 ne
968 3179 1060 3245 labet
1081 3181 1251 3249 fiduciave

87 3311 98 3319 ·
214 3299 281 3350 stra
299 3287 334 3348 in
356 3282 430 3348 Deo
451 3293 483 3344 et
505 3280 638 3346 Christo
661 3283 821 3364 reposita,
844 3283 889 3346 ita
907 3293 943 3345 ut
967 3285 1074 3346 anirno
1099 3283 1250 3361 deficietis,

213 3386 309 3452 malis
324 3380 548 3462 succumbatis,
571 3404 591 3444 a
612 3379 771 3466 religiono
793 3372 914 3446 Christi
936 3384 1138 3449 desciscatis.
1181 3385 1251 3450 Bene

216 3489 367 3575 Caerellia
387 3488 500 3550 vertit:
521 3505 561 3548 ne
580 3486 803 3570 despondeant
818 3483 1143 3567 defatigationtnor.
1185 3484 1252 3550 Ver·

214 3588 290 3655 bum
302 3583 438 3670 κάμνειν
450 3586 583 3670 ponitur
598 3585 638 3648 de
652 3585 704 3664 iis,
720 3591 775 3670 qui
787 3585 976 3669 defatigati,
995 3594 1144 3673 corporis
1154 3584 1252 3652 anto

215 3694 362 3758 destituta·
380 3694 464 3766 anal,
485 3697 521 3747 ut
544 3708 597 3770 ap.
616 3682 967 3765 Aeschin.Dial.2,1.
994 3688 1034 3751 de
1049 3694 1104 3754 ola
1119 3689 1249 3767 ferrlrv·

222 3789 451 3855 Valckenarius
469 3786 513 3849 ad
533 3785 645 3868 Eurip.
665 3785 785 3850 Phoen.
810 3809 843 3871 p.
862 3792 935 3850 323.
948 3786 1025 3851 hinc
1042 3790 1143 3854 etiam
1157 3789 1196 3853 de
1208 3805 1251 3851 ιτ-

214 3895 317 3973 grotta
333 3902 368 3950 ut
385 3885 554 3952 sitnordo
577 3885 728 3952 laborare
752 3910 803 3971 ap.
825 3884 979 3951 Aeschin.
1001 3886 1095 3954 Socr.
1117 3897 1149 3971 2,
1167 3898 1196 3954 4.
1208 3885 1251 3948 uli

143 4020 145 4025 ·
212 3985 379 4074 Ιὑγιαίνειν
399 3997 432 4051 et
456 3982 596 4071 κάμνειν
617 3985 681 4050 sibi
698 3988 835 4051 invicem
850 3999 1064 4072 opponuntur.
1085 3984 1173 4054 Xen.
1190 3987 1251 4068 Cyr-

219 4095 249 4169 1,
264 4092 360 4152 6.16.
383 4086 456 4152 add.
476 4085 611 4151 Herodi.
626 4092 656 4166 3,
673 4094 723 4152 11.
737 4096 768 4153 4.
796 4087 993 4171 Hesychius:
1014 4087 1149 4176 κάμνει·
1168 4082 1252 4155 νοσεῖ.

216 4185 268 4253 Ad
289 4185 634 4253 animum.translatum
656 4199 758 4256 notat:
785 4196 920 4262 ἀκίνινοι
934 4180 1143 4280 despondere,
1166 4194 1251 4260 anim
