2632 4740
124 299 175 369 60
435 291 599 370 07777
625 292 678 369 11.
713 316 750 370 7.
776 301 810 368 7.
838 301 872 369 8.
962 343 965 348 -

124 459 232 522 dinem
246 467 319 520 suut
333 453 500 522 translata.
545 458 705 524 omisisse
718 459 846 524 videtur
859 467 970 524 auctor
983 446 1069 523 haec
1083 453 1198 523 verbs

120 572 314 655 propterea,
334 557 419 643 quotl
433 561 609 645 praecipua
622 558 739 641 777177,
761 581 843 647 quae
859 580 976 644 urgere
988 548 1176 643 volebat,oi

125 671 218 723 erant
230 657 342 724 πάντα
352 648 547 736 7777ταξας’
530 657 681 726 voctote>
696 659 760 726 τῶν
769 662 881 728 ποδῶν
890 653 1098 746 777777,7777
1114 657 1202 745 771-,-

123 758 311 824 demverba
324 760 505 825 accuratius
529 772 570 824 et
585 760 756 824 nervosius
777 751 973 847 explicant
962 780 1079 825 vocem
1099 778 1172 846 quac
1195 748 1202 845 7

121 861 303 946 praecessit
316 855 398 952 ὃόξη
411 861 470 925 καὶ
483 860 561 946 τιμῇ
571 856 811 950 ἐστεφάνωσας
818 857 956 926 αὐτόν.
1020 875 1037 919 .’

210 967 240 1025 8.
261 957 375 1024 πάντα
395 957 566 1039 ὑπέταξας
586 983 614 1026 x.
634 983 661 1025 τ.
680 962 710 1025 λ.
736 968 840 1026 omnia
852 957 990 1047 7777777
1008 953 1167 1043 (17777ιί7)
1184 1004 1202 1031 .-

121 1066 223 1147 777177
235 1059 405 1127 7777777777.
448 1059 600 1126 Formula
618 1062 763 1127 desumto
777 1083 898 1127 amore
912 1058 1060 1124 Orientis
1072 1054 1168 1141 peto

12 1154 13 1158 ¹
122 1163 218 1226 victis
232 1160 417 1247 imponendi
430 1160 498 1225 717.
510 1174 575 1226 not.
592 1163 680 1244 771,
693 1168 743 1227 13
786 1162 869 1226 Sunt
887 1173 994 1226 autem
1013 1158 1166 1223 haector·

122 1263 166 1326 ba
186 1260 349 1348 prioribus
369 1261 628 1327 adnectenda'
611 1284 648 1328 ev
666 1284 732 1349 γαρ
753 1284 798 1352 τῳ
782 1254 1005 1340 ’ὑποτάξαι-
1010 1251 1170 1325 77777777·

123 1365 219 1449 κτον]
241 1366 313 1429 dvcto
330 1368 430 1445 igitur
450 1370 484 1428 77·
501 1370 605 1430 omnio
622 1362 764 1444 77777777,
785 1363 1029 1447 77777777177777,
1050 1357 1130 1445 77777
1144 1354 1197 1429 7ἰῖ

121 1485 187 1530 otoo
201 1463 382 1529 7777777717.
424 1461 494 1528 Iam
506 1466 644 1549 scriptor
664 1462 767 1527 71777
783 1462 905 1527 Psalmi
925 1468 1166 1578 argumentatum
1181 1454 1202 1545 ⁷J

78 1646 85 1654 ³
120 1563 241 1650 premit
254 1583 367 1628 vocem
379 1560 507 1644 πάντα,
530 1564 624 1627 77777
643 1583 716 1629 earu
733 1560 778 1629 77
795 1564 922 1627 nemine
938 1562 1050 1625 verius
1065 1569 1097 1623 et
1109 1553 1197 1643 717·.·

122 1664 197 1726 nius
212 1660 322 1726 valere
338 1685 433 1749 quam
448 1664 488 1728 77
500 1663 642 1744 Christo,
664 1676 760 1754 atque
781 1664 871 1728 1777
879 1671 1100 1746 argumentum
1118 1672 1184 1743 777
1195 1658 1200 1667 ’

123 1785 249 1828 stunme
270 1761 392 1826 Christi
413 1763 588 1850 dignitate
596 1763 693 1827 ducit.
735 1763 981 1850 Argumentatio
1006 1754 1090 1825 haec
1115 1764 1170 1822 7777

5 1895 10 1901 ·
123 1887 195 1930 ctuu
211 1864 289 1928 dicit
305 1870 419 1944 777777,
433 1862 515 1927 nihil
529 1863 682 1967 exclusit,
705 1866 791 1953 quod
809 1864 942 1944 homini,
964 1860 1025 1950 νὶὦ
1043 1859 1105 1931 777
1122 1854 1175 1923 77·

26 1959 28 1962 ’
46 2006 51 2021 =
121 1964 266 2053 77771777
279 1962 458 2063 subiectum
471 1986 536 2028 uon
549 1977 646 2047 esset,
651 1963 927 2052 atquihactenus
943 1961 1085 2026 noudum
1100 1957 1177 2023 vitia

120 2089 193 2133 mus
211 2065 334 2130 homini
347 2062 494 2129 subiecta
507 2066 610 2130 fuisse
627 2067 750 2146 omnia,
772 2087 850 2154 ergo
872 2061 929 2129 1117
947 2061 1071 2128 Psalmi
1089 2060 1178 2125 locus

122 2169 165 2233 ad
186 2166 559 2231 Christum'referendus
583 2179 633 2231 est
652 2186 684 2229 v.
705 2172 746 2232 9.·
758 2164 799 2231 77
822 2188 862 2231 77
882 2173 960 2229 'vere
976 2165 1042 2228 7171
1056 2172 1179 2248 potest:

121 2269 269 2334 subiecta
282 2267 314 2328 ei
328 2279 403 2330 sunt
417 2269 546 2330 omnino
563 2269 685 2356 omnia,
704 2265 854 2353 'adeoque
876 2266 975 2328 etiam
993 2259 1180 2348 7771777μὲ-

120 2393 163 2448 oo]
184 2365 207 2446 ἦ
224 2365 395 2453 μέλλουσα
411 2386 444 2430 7.
459 2373 489 2432 7.
504 2378 537 2430 77
555 2371 621 2453 ipsi
634 2367 754 2454 angeli.
796 2363 961 2430 Particula
978 2359 1128 2450 yoip,'ex
1141 2385 1178 2448 ys

123 2483 156 2533 et
177 2465 246 2552 ἄρα
268 2468 455 2549 composite,
477 2465 510 2530 h.
531 2466 554 2531 1.
572 2479 607 2529 ut
627 2467 718 2532 filum
735 2469 890 2532 orationis
905 2467 1016 2546 docet,
1046 2473 1182 2528 nonest

34 2580 37 2585 '
59 2637 61 2640 ,
118 2564 278 2654 particula
292 2564 462 2646 caussalis,
484 2566 643 2634 sedidem
656 2567 745 2635 valet
756 2568 842 2655 quod
861 2564 929 2653 ἄρα
947 2572 1049 2648 igitur
1069 2577 1107 2627 ut
1127 2584 1180 2649 77.

71 2744 77 2761 .
120 2669 210 2734 Xen.
226 2666 345 2751 Cyrop.
361 2670 434 2746 6,1.
448 2676 480 2732 4.
498 2666 838 2736 771777777777771.
853 2669 952 2730 etiam
963 2663 1130 2731 Decurrits'
1143 2663 1182 2728 77

80 2844 82 2848 ,
119 2771 161 2835 L.
175 2769 232 2834 Gr.
249 2767 386 2832 Particc.
401 2789 433 2852 7.
425 2773 498 2832 ..90
516 2769 567 2832 77.
582 2770 752 2837 1177777777.
765 2765 999 2843 ανυπόιακτος
1012 2767 1181 2846 dichorio,

120 2872 177 2959 qui
198 2890 262 2933 nou
284 2865 448 2932 subiectus
469 2870 549 2932 est
538 2871 675 2953 rmperio
697 2868 827 2937 Arriau.
848 2868 986 2953 Ε717777.
1009 2873 1040 2948 2,
1065 2871 1117 2931 10.
1142 2865 1181 2928 77

120 2970 286 3034 voluntate
301 2966 453 3049 hominist,
468 2963 580 3086 rorico
594 2992 640 3034 τα
629 2965 746 3035 α’λλα
758 2957 1026 3054 enoceroypa'oo,
1050 2962 1183 3045 777717

120 3066 313 3136 ἀδούλωτον
328 3068 388 3132 καὶ
401 3065 649 3134 ἀνυπότακτον.
685 3068 831 3156 Philoq.
846 3091 910 3136 ror
928 3068 994 3132 717.
1009 3066 1080 3131 her.
1097 3065 1141 3132 Τ
1154 3063 1181 3130 Ι.

119 3194 153 3257 7.
144 3176 241 3236 .473.
292 3168 464 3232 Caetertun
484 3172 714 3254 quaesiverunt
733 3175 946 3256 interpretes,
967 3189 1045 3232 num
1065 3169 1101 3231 in
1122 3165 1183 3231 hoc

121 3271 288 3335 enuntiato
313 3267 416 3332 verba
437 3256 601 3346 7777τάξα7
628 3281 661 3333 77
688 3269 825 3361 α’φῆκιν
853 3267 1025 3333 referenda
1044 3268 1117 3350 sint
1140 3264 1183 3329 acl

119 3369 229 3434 Deum
243 3388 285 3431 au
300 3367 341 3430 77
361 3369 510 3452 77717771
530 3381 566 3432 ut
587 3390 702 3434 seusus
726 3373 783 3436 sit:
806 3391 877 3434 cum
896 3380 996 3454 poeta
1020 3368 1133 3432 omnia
1150 3367 1182 3430 71

120 3493 141 3534 a
155 3468 229 3533 Deo
246 3464 393 3532 subiecta
411 3490 485 3533 esse
510 3469 612 3555 dicat,
632 3468 800 3555 profitetur
821 3485 947 3557 quoque
965 3458 1048 3531 nihil
1068 3488 1182 3552 super·

121 3592 211 3649 esse,
233 3567 319 3654 'quod
333 3569 364 3630 ei
381 3588 447 3632 nou
469 3558 647 3633 subiectum
663 3570 717 3634 sit.
758 3568 810 3635 Ite
830 3568 932 3632 verba
954 3565 1183 3652 explicuerunt

122 3669 343 3737 117777777777
369 3679 402 3730 77
418 3666 622 3748 1177777777.
664 3668 781 3756 Neque
804 3671 919 3754 negari
937 3680 1064 3752 potest,
1093 3667 1182 3732 haud

120 3793 196 3836 raro
210 3793 231 3833 a
253 3766 463 3852 scriptoribus
476 3768 652 3850 Hebraeis,
676 3769 813 3834 Graecis
831 3781 864 3833 77
878 3769 1018 3847 Latinis,
1038 3788 1110 3831 rem
1131 3767 1180 3832 17-

121 3895 194 3937 7777
207 3869 280 3949 7171,
303 3871 359 3954 qui
370 3890 441 3932 eam
455 3867 553 3934 talem
567 3890 641 3935 esse
656 3868 819 3934 declarent
831 3868 889 3933 771
902 3879 1062 3954 staturam,
1077 3865 1181 3945 fuce·

122 3996 159 4041 77
177 3970 254 4059 quid
266 3969 340 4053 dici,
358 3970 413 4056 qui
420 3968 554 4046 facturo
566 3968 620 4034 vel
634 3979 801 4060 77777777,
822 3969 876 4033 771
889 3979 1003 4056 777777
1015 3969 1081 4032 717.
1098 3987 1181 4054 quae

122 4073 250 4136 basciu
264 4091 332 4135 rem
348 4068 593 4135 observavimus
609 4070 650 4134 ad
663 4070 736 4137 Act.
754 4077 804 4152 10,
825 4076 875 4136 15.
919 4067 986 4134 Sed
1000 4066 1182 4153 simplicior

29 4187 35 4202 ‘
124 4186 157 4239 et
170 4172 277 4238 verior
298 4181 348 4236 est
371 4191 482 4237 eorum
504 4173 603 4254 ratio,
626 4172 681 4260 qui
705 4171 882 4240 subiectum
904 4169 1061 4236 enuntiati
1074 4166 1183 4235 Deum
