2632 4740
130 292 208 360 78·
270 368 272 373 ,
410 281 895 360 Caruilianum.
952 392 955 399 Ι

95 487 97 492 ,
129 450 232 529 adhuc
254 435 365 511 eorum
388 460 537 532 posteros
558 451 712 516 seducere
730 471 762 514 v.
779 462 846 514 not.
864 446 990 516 adIoh.
1008 459 1038 532 8,
1054 458 1109 515 44.
1132 450 1192 525 ιιιλ-1

50 611 56 630 ,
129 572 232 639 eoque
254 551 351 612 etiam
371 569 496 632 poenae
516 554 641 633 peccati
661 551 700 614 h.
712 574 740 614 e.
756 555 870 615 mortis
885 572 958 615 esse
978 564 1143 621 auctorem
1158 570 1202 613 v.

128 651 206 735 Sap.
225 655 256 728 2,
270 653 322 710 22.
344 645 436 712 Rom.
447 654 478 727 5,
496 656 546 713 12.
572 649 700 717 sctottt
717 649 858 735 Opuscc.
876 649 917 715 T.
934 659 963 714 1.
985 675 1020 737 p.
1035 656 1099 717 326
1115 663 1214 741 sqq.)

127 753 321 819 Nominarat
336 750 474 832 scriptor
486 760 524 812 ιι.
542 756 591 814 11.
606 750 715 816 Iesum
727 748 885 815 Messium
907 750 967 817 τάν
988 747 1190 833 άγιάζοντα,

127 856 183 943 qui
197 874 217 917 a
234 849 330 941 culpa
345 859 377 911 et
389 868 495 932 poena
510 852 636 934 peccati
646 839 793 915 homines
807 849 973 932 liberaret,
996 870 1053 940 eos
1073 848 1191 933 expia-

125 967 178 1020 ret
193 950 268 1017 coll.
281 973 314 1014 v.
333 953 384 1013 17.
400 959 437 1043 et
447 946 530 1012 hanc
541 951 647 1032 ipsam
667 969 795 1038 quoqne
814 951 856 1016 ob
877 971 1026 1016 caussam
1046 948 1190 1013 Satanae

126 1057 322 1121 mentionem
334 1050 422 1113 fecit.
465 1046 576 1112 Versu
588 1051 644 1134 qui
658 1052 801 1134 sequitur
815 1058 865 1118 15.
880 1054 1019 1139 quicum
1033 1047 1098 1113 hoc
1113 1069 1190 1112 ver-

33 1207 35 1213 .
127 1179 167 1222 su
189 1167 276 1220 arcte
301 1150 463 1229 cohaeret,
486 1146 625 1212 dilucide
646 1142 741 1237 atque
754 1155 925 1239 perspicue
938 1162 1081 1216 mentem
1095 1169 1190 1212 suam

44 1247 46 1250 ’
127 1242 295 1341 explanat,
317 1251 434 1315 additis
449 1247 560 1312 verbis
579 1248 645 1315 his:
669 1251 729 1317 καὶ
744 1249 933 1328 ἀπαλλάξει
947 1264 1009 1316 etc.
1030 1259 1067 1314 ut
1081 1272 1103 1315 ιι
1124 1269 1198 1311 αιτ-1

125 1369 164 1424 1ιι
177 1362 289 1422 mortis
304 1351 461 1419 liberaret
473 1361 535 1413 etc.
552 1360 584 1412 et
602 1349 664 1414 hac
677 1355 750 1436 ipsa
763 1375 783 1416 a
796 1353 907 1416 mortis
922 1353 1022 1415 anxio
1039 1360 1130 1414 metu
1148 1346 1189 1410 li·

125 1458 295 1524 beratione
310 1451 460 1515 Christus
482 1452 549 1512 vim
562 1471 600 1513 ac
615 1463 808 1534 potestatem
823 1452 961 1517 Satanae
977 1433 1121 1536 fregisse
1140 1448 1193 1511 di-

10 1570 15 1581 '
127 1560 220 1622 citur.
264 1553 431 1616 Sententia
450 1553 550 1635 igitur
569 1551 679 1617 verbis
701 1573 732 1616 v.
749 1561 799 1618 14.
822 1551 944 1617 ultimis
964 1550 1077 1615 subest
1091 1549 1186 1613 hacct

128 1659 276 1723 Christus
292 1648 312 1719 ὁ
326 1642 472 1737 άρχηγὸς
484 1647 542 1726 τῆς
557 1647 721 1739 σωτηρίας
736 1670 768 1718 t.
785 1659 835 1718 10.
847 1664 950 1717 morte
969 1674 1028 1716 sua
1041 1649 1188 1736 piacula-

125 1761 157 1824 ri
173 1769 206 1821 et
215 1757 261 1819 in'
272 1757 373 1817 vitam
392 1749 502 1815 reditu
521 1747 624 1813 veluti
643 1755 780 1838 pignore
807 1754 1025 1832 confirmavit,
1048 1772 1109 1815 eos
1131 1750 1187 1837 qui

124 1869 412 1943 morerentur-non
437 1871 511 1913 esse
534 1863 678 1916 mortuos
704 1870 872 1918 mansuros
897 1865 929 1916 et
946 1851 1087 1919 cultores
1108 1871 1186 1916 suot

123 1966 349 2045 postmortem
364 1952 670 2043 felicissimos'fore.
713 1953 885 2019 Caeterum
901 1952 957 2017 vel
976 1977 1023 2030 ,ex
1034 1948 1088 2017 iis
1104 1974 1187 2040 quae
1215 1956 1225 2037 J

123 2061 282 2124 hactenus
300 2053 543 2138 disputantiam,
566 2067 617 2117 sat
631 2055 798 2119 evidenter
810 2057 918 2136 etiam,
931 2066 966 2134 ut
980 2053 1185 2134 arbitramur,

45 2178 48 2186 ·
125 2158 297 2245 apparebit
307 2156 434 2218 vanitas
449 2153 610 2237 opinionis
633 2154 899 2239 Waaentergtta
918 2157 974 2243 qui
986 2151 1089 2219 verba
1108 2174 1186 2218 του-

124 2258 217 2323 τέστι
233 2255 292 2321 τάν
307 2253 471 2338 διάβολον
494 2273 554 2336 pro
579 2251 702 2316 scholio
719 2254 867 2322 habenda
890 2278 963 2320 esse
988 2265 1133 2330 autumat
1154 2274 1185 2318 v.

126 2358 257 2423 Selecta
274 2378 292 2417 e
309 2352 438 2418 Scholia
462 2354 666 2418 Vatctecartt
678 2356 713 2418 in
726 2355 769 2422 N.
784 2356 826 2423 Τ.
842 2356 920 2422 Vol.
937 2362 965 2420 1.
979 2378 1012 2439 p.
1026 2361 1082 2421 79.

210 2463 261 2521 15.
283 2452 430 2520 Verbum
454 2449 685 2520 ἀπαλλάττειν
704 2460 866 2525 dimittere
892 2460 1003 2544 (quam
1021 2458 1189 2519 notionem
1222 2482 1225 2487 ⁴

125 2561 162 2650 ei¹
173 2558 205 2621 h.
219 2555 242 2619 l.
258 2552 397 2620 subiecit
415 2552 488 2621 set.
506 2552 695 2639 Scdmtdtrtc)
717 2560 753 2621 in
768 2580 805 2622 re
823 2558 993 2623 iudiciaria
1015 2556 1185 2620 adhibetur

124 2661 165 2722 de
182 2667 380 2735 accusatore,
402 2657 459 2741 qui
473 2675 565 2719 reum
580 2656 719 2739 dimittit,
742 2661 798 2739 ita,
819 2671 856 2722 ut
873 2658 1185 2722 accusationemuon

120 2758 337 2845 persequatur
357 2768 391 2817 ut
413 2777 464 2840 ap.
480 2748 567 2817 Xen.
582 2755 682 2822 Mem.
699 2766 730 2845 2,
747 2766 778 2824 9.
793 2763 824 2822 6.
853 2757 933 2822 Luc.
952 2764 1001 2838 12,
1016 2763 1069 2822 58.
1083 2757 1141 2822 ubi
1152 2778 1185 2821 v.

121 2874 190 2924 not.
215 2860 254 2922 de
272 2856 430 2921 creditore
452 2857 508 2940 qui
522 2876 592 2920 cum
605 2859 750 2923 debitore
765 2861 924 2943 transigit,
945 2879 1085 2944 etunque
1102 2857 1183 2922 libe·

122 2983 193 3026 rum
209 2961 340 3024 dimittit
351 2980 384 3021 v.
398 2957 543 3042 Kypdt'ue
561 2957 603 3019 ad
623 2956 703 3022 Luc.
716 2958 739 3024 l.
753 2959 776 3025 l.
792 2963 887 3023 etiam
902 2960 941 3022 de
961 2960 1092 3023 domino
1115 2981 1182 3023 ser-

121 3083 198 3124 vum
213 3060 393 3123 dimittente
408 3056 542 3121 Isocrat.
556 3058 591 3119 in
602 3057 737 3124 Plataic.
752 3084 784 3147 p.
796 3066 868 3124 300.
879 3055 1116 3124 -άπαλλάττειν
1127 3059 1184 3138 τῆς

122 3157 273 3234 δουλείας
285 3181 317 3223 v.
333 3151 528 3242 Curptccc'ue
540 3156 582 3219 ad
595 3157 626 3221 h.
640 3159 663 3225 l.
705 3158 833 3224 Deinde
849 3161 978 3223 omnino
999 3171 1090 3222 notat
1108 3161 1182 3226 lide-

21 3310 24 3314 ·
120 3276 200 3326 rute
218 3258 319 3343 soph.
327 3257 379 3321 El.
387 3263 459 3323 775.
474 3255 693 3344 άπὴλλαγμαι
702 3261 824 3350 φόβου.
839 3259 1005 3344 Aristoph.
1014 3243 1180 3325 Plut'ttt.

121 3358 249 3436 ταύτης
263 3354 471 3434 ἀπαλλάξειν
491 3380 528 3423 σε
549 3359 607 3438 τῆς
627 3358 839 3447 ὀφθαλμίας.
862 3359 961 3445 Soph.
977 3357 1092 3445 Antig.
1109 3366 1181 3425 400.

121 3457 346 3543 άπηλλάχθαι
357 3450 474 3523 κακῶν.
494 3457 629 3523 Isocrat.
643 3461 747 3545 Euag.
764 3483 791 3523 c.
811 3465 861 3524 10.
879 3456 1109 3555 άπαλλάττειν
1121 3462 1184 3526 τῶν

121 3561 306 3648 συμφοράν.
327 3557 457 3643 Ioseph.
467 3557 545 3622 Ant.
560 3566 590 3640 3,
608 3564 639 3624 5.
655 3567 686 3626 3.
707 3560 924 3627 άπαλλάσσει
939 3562 1001 3626 τοῦ
1014 3560 1108 3636 δέους
1120 3560 1183 3625 cd-

120 3659 206 3734 τούς.
247 3657 465 3722 Phavorinus:
488 3655 717 3727 άπαλλάττειν
729 3661 862 3744 λέγεται
874 3663 933 3726 καὶ
948 3660 1019 3726 duct
1037 3665 1100 3753 τοῦ,
1110 3660 1183 3749 ῥύε-

120 3761 210 3824 σθαι
232 3760 292 3823 καὶ
312 3760 472 3847 λυτροῦν,
489 3759 762 3844 συντασσόμενον
783 3763 911 3846 γενικῇ.
939 3761 979 3825 cf.
1005 3762 1183 3847 Rupdeliur

122 3859 221 3924 Obss.
246 3880 265 3922 e
283 3858 395 3942 Polyb.
418 3874 451 3924 et
471 3860 600 3926 Arrian.
623 3885 656 3948 p.
677 3865 750 3926 635.
770 3860 943 3945 Dresigius
969 3863 1009 3925 de
1024 3860 1069 3926 V.
1084 3862 1132 3928 M.
1150 3886 1182 3948 p.

122 3965 194 4024 180.
221 3960 409 4027 Irmtscdt‘ue
432 3961 474 4025 ad
493 3961 629 4026 Herodi.
654 3968 684 4041 2,
709 3970 738 4026 1.
765 3966 816 4026 17.
845 3962 1063 4047 Interprates,
1096 3964 1183 4050 quod

121 4061 222 4123 sciam
243 4080 371 4141 omnes,
398 4073 527 4145 praeter
548 4061 709 4127 demium
739 4063 790 4125 cui
811 4065 952 4148 praeivit
975 4062 1182 4145 Adreacdius,

120 4153 308 4236 άπαλλάξει
328 4159 517 4248 simplicitet
536 4165 677 4248 positum
700 4174 860 4246 statuunt,
882 4167 947 4247 ita,
970 4176 1005 4229 ut
1032 4138 1182 4231 everbo-
