2604 4746
393 317 558 396 Cnrur
584 321 636 396 11.
670 345 707 398 v.
734 331 770 399 9.
1062 331 1112 403 63

51 508 112 552 com
123 484 198 552 illis
212 485 391 573 prioribus,
412 487 466 554 vel
475 490 585 575 potius
600 509 672 554 cum
686 480 863 554 coniunctis
881 489 1037 577 utrisque,
1059 512 1112 556 se·

14 646 16 665 ,
47 588 181 652 nudum
202 587 347 672 logicam
369 590 601 656 construendis.
644 592 677 681 5)
708 589 938 667 Wakefieldt'ttr
962 592 997 654 in
1020 590 1113 657 Silva

49 686 164 754 critica
173 709 206 752 s.
220 686 321 754 Curis
334 690 403 755 crit.
418 700 451 753 et
464 701 595 777 exeget.
609 691 644 753 in
656 686 758 753 libros
766 688 808 755 N.
817 689 900 754 'l'.P.
908 695 938 753 2.
962 691 1112 757 Scordi.

49 811 79 872 p.
92 793 143 855 36.
165 790 218 852 ita
233 790 450 876 iuterpnngit:
470 787 707 875 ἠλαττωμένον
723 790 896 875 βλέπομεν
909 787 1034 869 Ἰησοῦν
1053 795 1111 860 δαὶ

50 890 84 954 τό
98 887 260 975 πάθημα
274 887 334 957 τοῦ
345 888 515 973 θανάτου,
530 887 924 976 δόξῃ-ἐστεφανωμένον·
947 887 1035 969 ὅπως
1048 909 1112 961 etc.

51 987 156 1056 Verba
168 994 419 1076 interpretatur:
441 992 536 1058 Ietas
548 992 704 1077 praefatu
721 997 777 1078 qm·
785 997 887 1057 minor
902 996 1024 1075 angelis
1038 995 1113 1081 (ho-

50 1113 96 1156 no
116 1091 262 1177 scilicet)
274 1091 394 1169 foetur
415 1102 467 1158 ert
482 1091 521 1158 od
532 1100 717 1180 portionem
728 1098 858 1173 mortis,
882 1101 919 1155 ut
931 1114 996 1179 pro
1014 1105 1113 1162 onni-

49 1191 99 1259 ὅτε
111 1200 252 1259 nortem
268 1191 399 1273 maret,
420 1214 505 1258 nanc
521 1204 630 1258 natent
647 1196 754 1275 glorio
770 1201 955 1258 coronatur.
998 1194 1113 1261 Monet

51 1293 221 1358 formulam
234 1291 295 1359 δια
309 1293 348 1359 τὸ
361 1291 512 1378 πάθημα
527 1292 588 1358 τοῦ
601 1289 758 1359 θανάτου
769 1294 948 1357 accuratius
965 1296 1114 1382 explica·

52 1394 204 1458 riverbis
216 1387 309 1470 ὅπως
323 1417 354 1460 κ.
369 1418 397 1460 τ.
411 1395 441 1459 l..
482 1395 516 1479 6)
529 1394 582 1458 Ex
595 1393 765 1459 Hesterna
774 1397 808 1457 in
821 1393 994 1458 Examinis
1006 1416 1112 1462 curar.

53 1497 187 1560 cnticar.
216 1494 426 1572 Wakefield&
440 1494 477 1559 P.
496 1503 526 1560 1.
549 1493 860 1580 (Erlang.1798.j4.)
883 1516 915 1578 p.
932 1500 982 1559 11.
1008 1496 1111 1579 Mori,

54 1595 252 1681 aliorumque
267 1598 437 1676 sententia,
460 1606 536 1681 post
548 1592 673 1674 Ἰησοῦν
685 1595 991 1679 interpungendum,
1015 1609 1048 1660 et
1061 1599 1112 1661 in-

55 1698 197 1761 cisinota
210 1707 289 1780 post
302 1716 416 1780 vocem
428 1695 589 1761 θανάτου
603 1694 756 1775 delenda,
778 1707 810 1759 et
834 1715 949 1759 sensus
969 1699 1015 1760 ita
1034 1719 1112 1762 con-

56 1797 232 1865 stituendus
247 1807 308 1859 est:
330 1795 437 1860 Iesum
452 1818 543 1877 vero,
566 1798 621 1881 qui
637 1805 733 1859 antea
745 1797 849 1860 minor
863 1796 989 1883 angelis
1005 1799 1111 1865 factus

58 1911 115 1964 erat
125 1895 303 1986 (turnilem
317 1908 411 1983 atque
425 1897 596 1960 humanam
611 1908 731 1960 sortem
743 1897 777 1959 in
792 1918 828 1959 se
847 1899 1002 1982 suscepit)
1018 1901 1110 1963 vide-

56 2022 115 2064 nus
121 2010 208 2086 port
221 1999 468 2082 perpessionem
482 2000 594 2064 mortis
609 1999 668 2081 (ita
680 2008 712 2060 et
722 1996 869 2061 Bactrus
882 2001 918 2072 in
927 1997 1112 2085 Philologia

57 2100 195 2184 llucyd.
214 2097 354 2161 Paulina
372 2119 404 2182 p.
423 2105 495 2164 134.
515 2098 558 2164 al.
581 2099 723 2163 sednon
746 2095 922 2182 probarunt
940 2098 1023 2163 hanc
1044 2104 1112 2167 vim

57 2200 231 2288 particulae
249 2197 309 2266 διαὶ
326 2201 517 2263 accusativis
534 2199 697 2263 nominum
712 2199 852 2282 iunctae)
866 2196 931 2277 vel,
948 2198 990 2262 ob
1005 2203 1112 2285 ipsam

58 2305 159 2367 nortis
178 2300 445 2386 perpessionem,
473 2300 515 2363 ad
534 2298 659 2385 gloriae
681 2304 838 2363 summum
858 2300 1023 2385 fastigium
1044 2304 1111 2367 ela·
1173 2317 1177 2323 '

59 2416 121 2486 tum,
141 2416 181 2466 ut
194 2401 349 2465 nimirum
361 2412 525 2485 appareat,
540 2414 675 2466 mortem
693 2398 782 2463 illius
800 2421 844 2462 ex
859 2399 1018 2467 benevolo
1034 2427 1111 2468 con-

61 2504 119 2569 silio
134 2502 206 2567 Dei
223 2501 266 2564 ad
283 2499 420 2564 salutem
442 2502 583 2565 omnium
602 2501 766 2564 hominnm
786 2501 887 2564 fuisse
909 2502 1110 2572 destinatam.

60 2605 208 2693 Equidem
224 2603 395 2669 Hesterna·
403 2602 636 2688 interpretandi
651 2603 819 2681 rationem,
839 2623 910 2666 cnm
930 2625 970 2667 ea
986 2609 1112 2691 reipsa

61 2705 259 2771 etfacilitate
272 2724 332 2765 sua
346 2704 523 2782 adiuvetur,
545 2700 681 2786 reliquis
693 2703 1013 2796 interpretatiqribus
1033 2704 1111 2770 hac-

61 2819 141 2872 tenus
156 2805 280 2884 allatis,
306 2803 550 2888 praeferendam
566 2803 658 2867 duco.
700 2800 816 2867 Verte:
838 2802 883 2866 At
896 2804 951 2889 qui
963 2827 1022 2890 per
1036 2805 1111 2872 bre-

62 2928 95 2971 111
108 2922 241 2992 tempus
262 2901 389 2990 angelis
405 2905 543 2969 inferior
560 2903 665 2966 factus
684 2904 804 2985 fuerat,
830 2904 977 2968 videmus
991 2905 1110 2991 Iesum,

63 3007 283 3094 (eundemque)
300 3000 441 3092 'propter
464 3027 577 3070 necem
606 3003 773 3069 toleratam
790 3004 922 3087 ¹honore
949 3017 982 3067 et
1006 3006 1112 3091 gloria

64 3122 219 3190 omem,
250 3108 298 3170 ita
318 3118 356 3171 ut
370 3104 508 3193 (Thom.
531 3104 620 3191 Mag.
641 3100 732 3182 ὅπως
751 3105 829 3170 α’ντὶ
849 3106 907 3169 τοῦ
925 3097 1001 3191 ἵνα)
1028 3109 1110 3174 adeo
1149 3152 1153 3161 «

63 3231 112 3295 per
124 3208 193 3274 Dei
204 3207 345 3294 gratiam
357 3229 416 3293 pro
436 3205 583 3271 omnibus
601 3218 745 3269 mortuus
764 3207 806 3268 sit
825 3226 852 3268 s.
872 3217 907 3267 ut
921 3207 1002 3271 adeo
1023 3233 1111 3276 mors

64 3314 123 3374 cius
139 3331 207 3373 non
228 3305 389 3392 vulgaris,
411 3307 469 3370 sed
492 3306 642 3371 salutaris
664 3306 810 3371 omnibus
830 3306 938 3373 fuerit.
962 3306 1112 3378 ‘Ultimis
1229 3310 1231 3319 '

65 3408 165 3474 serbis
176 3406 378 3487 declaratur,
397 3407 501 3497 qualis
517 3407 616 3471 fuerit
632 3409 735 3493 ipsius
749 3429 851 3488 mors,
871 3430 988 3495 nempe
1003 3435 1023 3477 a
1036 3412 1111 3479 Deo

67 3511 233 3576 lsmtaet
244 3506 408 3589 salutaris,
431 3522 464 3573 et
486 3531 544 3573 cur
562 3506 806 3611 adogChristus
822 3508 864 3570 ad
880 3507 1031 3595 gloriam,
1054 3539 1132 3580 an„

67 3611 200 3696 gelornm
216 3607 367 3693 dignitati
379 3611 579 3692 superiorem
590 3620 734 3688 evectus,
752 3621 846 3695 atque
863 3615 1054 3681 constitutus
1068 3618 1112 3678 sit

67 3732 118 3776 rex
135 3723 170 3774 et
188 3698 490 3795 dominustgeneris
513 3709 655 3775 humani.
697 3707 763 3772 Sed
789 3711 874 3797 quod
896 3709 977 3776 haec
996 3713 1111 3779 ultima

68 3832 170 3876 versus
190 3806 294 3873 verba
314 3803 404 3885 ὅπως
423 3821 483 3874 etc.
507 3813 637 3890 attinet,
667 3810 854 3894 Bengelt'ttc,
876 3811 969 3878 Frt'd.
989 3811 1111 3880 'Schmi-

69 3914 127 3980 ἂν
138 3915 172 3976 iu
186 3909 289 3975 Obss.
302 3909 387 3975 adh.
400 3908 424 3973 l.
436 3909 578 3975 Herelius
593 3912 627 3972 in
639 3909 752 3976 libello
767 3915 936 3997 inscripto:
956 3913 1042 3976 inest
1055 3937 1111 3979 co·

71 4012 137 4078 licis
160 4010 418 4095 Uffendacln’nnc',
441 4013 495 4096 qui
508 4009 666 4096 epistolae
683 4013 724 4079 ad
742 4012 912 4077 Hebraeos
932 4012 1111 4097 fragmenta

74 4117 216 4195 nutmet,
238 4133 392 4177 recensus
410 4123 442 4175 et
454 4115 622 4197 specimen
647 4136 723 4179 aere
745 4111 946 4198 exsculptum
969 4112 1108 4182 Helmst.

76 4217 194 4282 111114.
214 4235 255 4279 ca
269 4211 352 4280 huuc
366 4214 400 4278 in
413 4211 542 4281 modum
561 4217 823 4307 interpretantur:
843 4211 925 4305 Dei,
946 4213 1029 4283 bene
1051 4239 1107 4283 ro-
