2604 4746
384 330 546 411 carun
571 331 649 409 VI.
675 357 713 410 v.
742 343 800 410 15.
828 342 886 411 16.
1096 344 1169 415 199

77 512 93 574 l.
137 494 288 589 piaton.
309 515 343 567 v.
357 504 415 567 ts.
438 508 524 566 extr.
542 497 730 566 Abrahamo
752 503 916 586 promisse
940 512 1009 571 erat
1027 501 1166 569 felicitas

77 626 94 676 ιο
144 602 341 689 pollentium
355 621 402 666 ex
414 601 557 687 posteris
575 602 680 685 ipsius
700 603 869 668 oriundum
885 605 1111 691 consequenda
1124 604 1166 669 cl.
1271 620 1274 626 ·

77 720 96 775 ,1
143 711 175 786 11,
188 711 231 771 13.
271 700 380 767 Huius
396 701 623 787 promissionis
641 713 792 767 eventum
810 702 844 768 b.
861 702 885 768 l.
897 702 1100 777 Abrahamus
1117 706 1165 768 vi·

77 819 94 888 ,Ξ
138 803 201 869 ίιιι
211 804 338 869 elicitur.
379 800 609 866 Laetabundus
623 800 660 867 ln
672 802 806 867 sedibus
822 802 992 869 beatorum
1014 805 1166 890 cognovit

82 916 85 994 J
134 902 188 971 lesu
196 900 460 969 Messiaeinbas
479 913 582 966 terras
604 900 776 967 adventum
790 925 822 967 v.
835 903 905 969 Iob.
919 910 951 986 8,
964 909 1016 971 56.
1057 904 1166 991 Ipsam

87 1016 89 1025 ’
130 1004 237 1092 pridem
245 996 516 1090 regni'blesalnni
533 1003 921 1088 inaugurationembeati
940 1018 1016 1093 post
1029 1017 1167 1070 mortem

127 1101 465 1169 leniarcbsenondum
481 1103 641 1185 viderant,
662 1103 817 1170 mesdeo
834 1107 877 1170 ad
890 1101 1020 1190 plenam
1034 1117 1067 1170 et
1080 1126 1165 1169 sum-

125 1226 192 1273 nnn
204 1202 396 1271 felicitatem
414 1215 640 1290 pervenerant,
661 1204 748 1291 quod
770 1207 907 1293 scriptor
927 1214 978 1287 11,
995 1212 1045 1271 13.
1059 1210 1100 1269 39
1114 1226 1164 1292 sq.

123 1318 211 1393 urget.
254 1304 323 1371 Sed
335 1303 475 1369 felicitas
489 1302 549 1371 illa
562 1325 686 1371 summe
699 1307 735 1369 iu
749 1327 850 1393 regno
863 1306 1004 1386 Christi,
1030 1327 1070 1370 eo
1088 1325 1165 1368 con·

121 1411 228 1488 tituto,
252 1405 476 1491 exspectanda
491 1405 557 1491 (11,
570 1406 637 1491 40.)
656 1405 738 1470 adeo
752 1418 840 1472 certe
852 1404 1054 1486 Abrabamo,
1073 1404 1163 1469 Isaa-

118 1532 150 1575 ου
168 1520 200 1574 et
217 1506 338 1572 Incubo
361 1516 441 1587 erat,
459 1526 504 1571 ao
522 1508 552 1570 si
571 1528 644 1571 eam
662 1508 729 1572 iam
747 1508 912 1573 consecuti
932 1518 1042 1570 essent
1059 1527 1092 1570 v.
1111 1513 1163 1585 12,

117 1616 161 1674 ts
179 1608 282 1674 Recte
301 1607 402 1692 igitur
420 1609 558 1691 scriptor
577 1605 739 1673 affirmare
751 1617 891 1695 poterat,
915 1627 973 1671 eos
988 1607 1075 1671 bona
1086 1626 1162 1692 pro·

114 1702 674 1776 missaoonseeutosesse'v.1215·
694 1708 752 1774 καί
764 1702 849 1775 οίίτοι
863 1707 957 1773 reddi
975 1707 1086 1773 debet:
1110 1716 1162 1774 ot-

113 1808 432 1897 paetanamque
448 1807 511 1873 boc
522 1809 697 1895 promisso,
718 1809 805 1897 quod
818 1809 1024 1875 iureiurando
1045 1810 1162 1875 confir·

112 1924 226 1975 matum
240 1918 322 1989 erat,
343 1920 488 1994 accepto,
509 1911 756 1995 compatienter
775 1919 1001 1993 exspectasset
1014 1908 1162 1974 Abraha-

112 2031 178 2075 mns
190 2020 251 2076 ete.
293 2007 347 2073 De
362 2032 426 2096 qno
445 2031 507 2076 usu
527 2008 674 2075 adverbii
692 2005 779 2077 οίίτω
796 2010 864 2076 vid.
883 2030 966 2097 quae
980 2014 1162 2074 notavimus

113 2108 233 2174 siAct.
246 2112 278 2192 7,
294 2115 324 2174 8.
347 2108 478 2197 ἐπέτυχε
499 2111 561 2190 τῆς
580 2109 780 2194 ἐπαγγελίας
803 2121 991 2177 consecutos
1009 2120 1060 2177 est
1079 2109 1164 2177 tosa

110 2209 326 2296 musso-ef.
344 2231 378 2275 r.
402 2216 455 2276 14.
475 2209 623 2277 Verbum
644 2206 880 2296 ἐπιτυγχάνειν
898 2208 931 2274 b.
953 2208 1093 2290 l.et11,
1108 2215 1161 2274 33.

114 2310 264 2397 peculiari
280 2311 379 2376 modo
400 2324 586 2398 usurpatum
606 2331 691 2393 esse,
712 2313 742 2375 si
757 2310 944 2376 Genitivum
957 2312 1160 2397 respexeris,

117 2410 291 2476 observavit
300 2409 506 2498 swanus
516 2412 556 2477 de
571 2432 624 2497 ep.
632 2409 675 2475 ad
686 2409 789 2476 Hebr.
800 2409 911 2475 indole
921 2431 955 2496 p.
962 2416 1016 2474 42.
1037 2409 1167 2476 Verum

115 2508 386 2599 intumescerent
408 2514 452 2576 sit
472 2518 617 2598 assequi,
644 2517 793 2578 ποποίιοι·
810 2532 895 2576 nunc
915 2530 988 2575 cnm
1008 2509 1162 2575 Genitivo

77 2660 80 2679 ,
118 2632 191 2678 nme
204 2635 278 2679 cum
288 2610 410 2677 Dativo
429 2635 450 2678 a
466 2610 579 2696 probis
602 2611 813 2698 scriptoribus
837 2611 972 2676 Graecis
992 2611 1162 2697 copulatur

119 2710 194 2779 Xen.
210 2713 337 2779 Oecon.
352 2720 384 2794 2,
401 2719 433 2779 3.
453 2705 486 2777 εί
495 2709 636 2796 ἀγαθοῦ
658 2700 992 2801 ὠνητοῖιέπιτάχοιμι.
1013 2710 1160 2795 Thucyd.

120 2819 181 2895 3,3.
202 2810 351 2890 ὁλκάδος
370 2812 583 2899 ἀνοιγομένης
596 2812 766 2900 termes.
786 2813 876 2879 Xen.
895 2812 1018 2877 0eoon.
1040 2819 1092 2893 12,
1108 2818 1160 2877 20.

121 2904 168 2981 ίτε
179 2911 339 3001 flectitur
350 2909 417 2999 ἀρα
430 2906 536 2980 ’ίππου
546 2912 706 3001 ἕπιτειχάν
717 2911 866 2998 ἀγαθοῦ.
886 2913 976 2979 Xen.
991 2912 1113 2997 Ephes.
1128 2919 1160 3000 3,

124 3018 163 3078 16.
186 3015 245 3080 κοί
272 3011 481 3100 ἐπιτυγχάνει
504 3013 582 3091 νεοίς
601 3010 649 3091 είς
668 3009 915 3103 Ἀλεξανδρείαν
935 3013 1162 3098 ἀνοιγομένης,

125 3115 170 3179 soi
182 3113 302 3200 ἐπιβάς
318 3112 489 3198 ἀνάγεται
510 3114 582 3180 add.
600 3115 732 3181 Heliod.
748 3122 778 3179 1.
799 3135 833 3199 p.
849 3119 899 3178 16.
925 3113 1069 3199 Constet.
1083 3114 1159 3179 Lib.

125 3220 190 3302 ap.
206 3223 296 3289 119.;
317 3233 389 3283 oum
405 3214 527 3281 Dativo
542 3215 748 3282 XenAuab.
770 3223 800 3296 1,
820 3223 851 3282 9.
870 3218 922 3280 25.
952 3212 1062 3293 ἡδίονι
1081 3215 1162 3306 οἴνῳ

126 3311 262 3408 instipat-
282 3314 383 3381 Mem.
397 3322 428 3397 3,
444 3321 495 3383 10.
510 3321 561 3381 14.
581 3316 695 3403 τὸμὲν
710 3314 776 3403 γάρ
796 3313 845 3401 μή
868 3316 1035 3396 ζητοῦντα
1054 3315 1164 3383 ἔπιτν-

125 3417 181 3499 γιῑν
198 3436 265 3483 τινι
286 3415 353 3483 τάν
373 3413 516 3483 δεόντων
521 3462 534 3498 ,
562 3415 719 3504 εάτνγίυν
737 3405 835 3501 οἶμαι
857 3405 953 3483 εἶναι.
977 3416 1046 3495 ,De
1069 3418 1163 3485 verbi

127 3512 380 3604 τιγχάνεινοιιυι
402 3516 595 3596 Aoousetiro
616 3519 852 3587 constructione
868 3540 901 3585 v.
915 3517 1100 3588 Hermastus
1122 3520 1163 3584 ad

130 3613 220 3701 tter.
235 3640 269 3707 p.
282 3620 356 3683 762.

195 3726 245 3786 16.
284 3718 316 3785 Α
340 3722 556 3805 promissione
579 3719 764 3787 Abrabamo
786 3721 860 3788 data
883 3720 957 3787 coll.
981 3743 1019 3787 n·
1036 3726 1086 3786 13.
1112 3728 1163 3789 14.

131 3822 225 3906 tuipit
244 3819 401 3912 epistolae
422 3835 534 3887 auctor
562 3824 765 3888 occasionem
793 3824 922 3888 dicendi
949 3823 990 3886 de
1017 3821 1163 3886 volunta·

132 3920 164 3983 tis
184 3922 306 3987 divinae
331 3921 482 3986 firmitate
508 3925 573 3987 vid.
595 3945 628 3988 v.
648 3930 698 3990 18.
727 3920 903 4011 ἄνθρωποι
924 3927 986 4010 μὲν
1007 3923 1072 4009 γάρ
1102 3945 1166 3988 να·

133 4018 168 4080 τί
178 4025 233 4087 τοῦ
244 4019 397 4106 μείζονος
410 4021 582 4111 ὀμνύουσι]
598 4047 671 4092 oum
685 4026 823 4093 homines
845 4028 967 4113 quidem
981 4045 1047 4111 per
1067 4021 1166 4089 ulium

135 4116 199 4201 ipsis
213 4127 421 4190 excelsiorem
436 4132 566 4191 terant:
586 4122 712 4211 μείζων
726 4126 900 4207 excelsior,
921 4127 1092 4210 potentior,
1111 4127 1167 4213 qni

138 4218 235 4301 μεῖζον
244 4221 380 4293 πάντων
390 4221 544 4293 ἐστίΙοίι.
558 4234 609 4311 to,
622 4233 673 4294 26.
694 4228 885 4314 intelligitur
897 4227 1006 4303 Deus3
1028 4246 1102 4295 num
1108 4226 1168 4292 ho·
