2604 4746
425 309 584 387 Casus
610 311 684 390 IX.
709 336 747 390 v.
776 319 834 389 15.
1077 282 1173 391 319Ι

121 483 214 565 ricope
231 475 390 558 διαθήκη
402 480 448 542 ita
459 493 593 566 usurpat
607 493 641 544 ut
652 503 731 544 mox
742 487 976 558 testamentum,
991 496 1069 543 mox
1081 478 1151 543 foe·

117 582 162 644 dus
174 580 293 643 iudicat
306 600 339 642 v.
350 578 544 664 Corpzociae
558 580 641 646 adh.
654 580 690 666 l.)
711 579 825 663 Polyb.
834 583 886 660 20,
899 584 930 641 6.
944 585 976 643 5.
996 579 1151 644 Philoxe-
1191 596 1193 601 ’

118 685 141 744 ni
153 676 303 745 Glossae:
325 674 515 763 διατίθημι,
529 679 701 761 διαθήκην
714 684 799 747 ποιῶ
811 689 1033 747 testamentum
1043 684 1151 759 facto.
1236 710 1240 719 ·

118 780 335 859 διατιθέμενος
349 790 499 847 testator.
522 779 559 845 ln
573 781 953 846 versioneAlexandriua
963 802 1066 868 neque
1081 804 1152 846 ver·

117 882 176 946 bum
187 879 383 966 διατίθημι,
392 902 496 967 neque
511 903 626 946 nomen
640 882 791 962 διαθήκη
806 882 1049 947 delectamento
1062 885 1151 966 posi-

116 995 168 1045 tun
179 983 350 1067 reperitur,
372 1004 477 1070 neque
494 982 596 1047 Hebr.
612 993 695 1047 n'n:
708 982 792 1046 huuc
810 978 1024 1066 significatum
1044 979 1151 1045 habet.

115 1080 147 1146 H.
158 1081 179 1144 l.
189 1104 221 1145 v.
237 1089 287 1148 15.
311 1081 467 1165 διαθήκη
483 1105 547 1147 non
561 1095 794 1163 testamentum,
816 1081 874 1145 sed
883 1081 1006 1158 foedus
1021 1083 1151 1145 indicat.

114 1181 262 1267 Respexit
276 1186 362 1248 euim
376 1176 555 1267 epi'auctor
571 1206 597 1247 c.
613 1189 643 1247 6.
665 1204 696 1248 v.
712 1190 742 1247 8.
759 1181 814 1245 ubi
833 1179 995 1245 Christum
1009 1183 1153 1244 nomina·

113 1294 152 1345 rat
167 1280 357 1368 κρείττονος
373 1279 543 1362 διαθήκης
559 1280 705 1367 μεσίτην.
746 1282 877 1346 Foedus
891 1283 1054 1366 antiquum
1066 1279 1111 1344 ib.
1120 1303 1152 1343 v.

113 1385 137 1444 7.
149 1382 268 1446 dictum
285 1395 357 1447 erat
369 1381 392 1462 ή
405 1381 529 1468 πρώτη,
551 1396 583 1446 et
597 1382 712 1446 foedus
727 1405 747 1445 a
760 1380 888 1445 Christo
905 1384 1060 1445 sancitum
1077 1403 1108 1444 v.
1122 1387 1152 1444 8.

111 1477 238 1560 ήκαινή
257 1481 424 1562 διαθήκη.
465 1482 580 1568 Neque
595 1485 805 1568 perspicitur,
827 1483 986 1569 quomodo
1006 1482 1152 1546 Christus

109 1581 164 1645 dici
176 1585 318 1667 potuerit
332 1587 487 1650 mediator
502 1591 694 1649 testamenti.
737 1582 899 1648 Mediator
921 1585 1016 1664 enim,
1038 1595 1074 1646 ut
1087 1587 1153 1648 iam

110 1682 257 1749 Ρτίσαοαν
276 1688 451 1765 annotavit,
472 1704 536 1750 non
551 1672 649 1746 habet
664 1694 774 1767 partes
797 1705 873 1749 suas
896 1684 1040 1767 agendas
1059 1685 1093 1746 iu
1105 1696 1153 1748 te·

109 1795 271 1848 ttamento.
322 1782 492 1848 Neminem
515 1797 622 1848 autem
649 1782 743 1847 facile
770 1795 932 1867 repertum
953 1786 995 1848 iri
1017 1783 1153 1848 arbitra·

108 1902 181 1966 mur,
203 1887 259 1971 qui
274 1883 471 1950 Limdorcde's'
480 1882 731 1969 explicationem
744 1883 808 1946 alte
823 1886 956 1968 petitam
971 1896 1003 1946 et
1013 1896 1154 1948 coactam

107 1984 226 2071 probet,
249 1985 341 2047 cuins
354 1983 455 2048 verba
469 1998 555 2049 suut:
577 1982 751 2064 „diacrisim
766 1986 996 2062 testamentum,
1018 1995 1067 2046 est
1079 1983 1154 2046 ulti-

109 2107 174 2149 mae
191 2082 367 2148 voluntatis
381 2089 521 2165 testatio,
544 2108 607 2170 qua
619 2089 692 2172 quis
706 2083 862 2147 bonorum
874 2105 1004 2146 suorum
1018 2083 1154 2147 heredes

108 2199 177 2270 post
189 2197 328 2250 mortem
349 2207 439 2249 suam
458 2188 605 2251 instituit.
647 2185 842 2250 Institutioni
862 2185 1019 2248 interdum
1034 2184 1155 2248 addun-

108 2300 154 2352 tur
169 2289 328 2377 quaedam
352 2287 563 2370 conditiones,
584 2308 665 2372 quas
690 2297 824 2349 testator
842 2285 955 2352 heredi
977 2285 1036 2348 suo
1060 2307 1155 2370 prae·

108 2387 226 2452 scribit.
271 2387 307 2451 si
332 2387 531 2451 'conditiones
550 2400 685 2452 testator
708 2386 810 2466 addit,
831 2407 890 2469 per
912 2383 1084 2470 figuratum
1104 2385 1155 2450 lo·

108 2490 223 2576 spuendi
233 2489 373 2568 modum,
394 2488 458 2570 ipsi
473 2490 567 2572 qnasi
579 2499 671 2553 actas
681 2490 807 2573 qnidam
821 2487 1043 2563 mediatorem,
1065 2487 1155 2550 ouius

108 2592 284 2653 interventu
297 2587 458 2650 hereditas
471 2587 513 2650 ad
524 2586 676 2653 heredem
687 2585 877 2669 devolvitur,
886 2585 985 2650 tribui
995 2599 1112 2672 potest,
1123 2599 1157 2652 et

109 2701 331 2755 testamentum
352 2687 491 2774 aliquam
514 2687 612 2751 habet
632 2686 873 2752 similitudinem
895 2709 966 2751 cum
988 2688 1156 2754 foedere.“

111 2790 170 2856 sed
183 2790 247 2853 hoc
259 2790 366 2872 ipsum
376 2786 568 2851 vocabulum
583 2785 767 2867 διαθήκη
783 2810 816 2852 v.
827 2795 877 2855 15.
888 2791 1041 2874 positum,
1056 2791 1154 2875 quod,

102 2904 140 2955 -ut
151 2891 302 2968 vidimus,
326 2889 422 2950 etiam
442 2889 488 2950 ita
507 2889 657 2972 usurpari
678 2886 778 2968 solet,
800 2900 836 2952 nt
856 2899 1078 2956 testamentum
1100 2891 1156 2954 de-

112 3004 209 3072 notet,
237 3000 271 3053 et
290 2989 377 3075 quod
400 2987 515 3051 eodem
537 3000 634 3052 versu
656 2991 824 3074 excipiunt
843 2987 945 3052 verba
966 2988 1156 3055 θανάτου

115 3089 334 3175 γενομέναν,
349 3085 599 3172 κληρονομία
614 3089 691 3175 (qua
701 3090 918 3175 voceproprie
931 3089 1094 3156 hereditas
1107 3095 1158 3155 in·
1179 3103 1184 3112 '

115 3190 254 3276 dicatur),
277 3192 482 3255 occasionem
504 3200 614 3253 nostro
635 3189 793 3275 praebuit,
816 3188 978 3254 Christum
992 3196 1089 3254 mid.
1106 3197 1167 3257 17..

119 3312 176 3360 turn
197 3293 380 3357 testamenti
404 3290 568 3354 conditore
590 3291 805 3376 comparandi.
854 3289 947 3354 Haec
969 3311 1015 3352 ex
1035 3290 1159 3377 dilogio

119 3397 194 3459 vocis
208 3392 452 3479 argumentandi
464 3392 557 3472 ratio,
577 3412 670 3477 quam
688 3402 798 3454 noster
814 3392 910 3454 etiam
924 3413 949 3453 c.
961 3395 991 3453 3.
1008 3402 1040 3454 et
1053 3400 1086 3456 4.
1105 3414 1158 3456 se-

123 3498 197 3560 mt'us
214 3484 285 3574 est,¹
297 3492 354 3556 ubi
366 3489 559 3554 vocabulum
576 3488 784 3565 κατάπαυσις
802 3490 923 3575 duplici
947 3511 1045 3554 sensu
1066 3493 1158 3557 adhi·
1188 3568 1192 3575 ,

124 3588 186 3674 isit,
204 3613 309 3678 neque
322 3593 477 3655 inusitata
492 3604 542 3654 est
562 3588 636 3653 aliis
651 3589 694 3655 N.
712 3590 752 3655 Τ.
772 3589 995 3675 scriptoribus.
1037 3591 1159 3658 Paulus

95 3690 236 3778 depius
255 3694 289 3757 in
312 3691 417 3757 literis
439 3691 523 3807 suis,
552 3689 672 3772 verbo,
700 3681 793 3755 verbi
819 3713 899 3755 sono
921 3694 1093 3775 invitatus,
1116 3695 1159 3759 ad

131 3788 206 3857 llam
221 3814 298 3881 rem
310 3794 449 3857 transit.
480 3792 534 3856 Sic
553 3791 647 3856 Rom.
673 3798 703 3873 3,
726 3800 756 3857 2.
780 3805 1020 3858 enumeraturus
1042 3795 1160 3859 fuisset
1240 3876 1246 3885 .

135 3868 439 3977 ugdeludaeorum
454 3907 652 3974 ornamenta,
675 3895 733 3958 sed
748 3893 881 3959 verbum
896 3885 1158 3978 ἐπιστεύθησαν,

140 3993 291 4057 madduxit
305 3991 507 4079 Apostolum,
529 4005 564 4056 ut
586 3993 672 4057 ad’
648 3992 809 4060 απιστίαν
828 3992 1000 4059 multorum
1019 3993 1159 4062 Iudaeo·

142 4097 348 4175 muansiret,
369 4115 471 4180 eaque
487 4092 550 4172 τήν
563 4091 676 4160 πίστιν
691 4116 748 4160 τον
733 4095 849 4161 Θεοῦ
863 4095 1064 4181 nonirritam
1086 4096 1159 4166 fieri

95 4230 108 4281 ,Ι
147 4182 350 4279 monuerat,
370 4196 416 4258 ita
429 4205 462 4256 ut
478 4193 709 4262 dubitationem
722 4195 835 4261 ludaei
847 4184 1053 4283 proponeret,
1075 4220 1158 4287 quae
