2632 4740
199 277 304 363 iun
425 295 825 371 nuonnoounua.
855 298 944 364 cn».
965 296 1030 363 ιν.

187 480 276 529 'amet
290 473 370 530 illios
384 489 456 549 prae
466 472 522 533 hac
534 475 757 551 praenuntiam.
799 471 842 528 Ac
858 473 952 549 primo
967 470 1084 548 quidem
1095 472 1172 529 rivis
1186 473 1267 530 eolo·

199 572 282 629 ribus
297 572 430 650 depingit
449 573 520 635 lesn
538 574 677 646 Messiae,
699 573 853 652 religionis
870 571 1048 632 christianae
1061 573 1194 629 auctoris
1210 590 1267 628 ex-

200 672 365 728 cellentiam
388 681 418 730 et
439 677 641 747 maiestatem,
671 693 796 751 eamque
827 682 940 732 tantam
962 691 1028 730 esse
1060 670 1207 742 ostendit,
1234 677 1269 726 ut

162 798 164 803 ·
199 791 301 829 omnes
313 773 392 847 illos,
413 793 431 831 c
445 793 571 852 qnorum
583 776 758 832 anctoritate
771 782 801 830 et
816 771 960 852 dignitate
976 770 1141 849 splendoris
1155 763 1272 847 aliquid

200 870 375 932 ludaeorum
398 877 538 955 religioni
556 873 697 934 accedere
716 875 828 950 possit,
850 874 954 952 genios
975 873 1131 943 coelestes,
1151 870 1267 944 Mosen,

198 972 356 1046 Aaronem,
377 976 543 1052 pontifices,
565 960 655 1054 longe
669 976 853 1050 maximeque
867 982 996 1048 superet.
1039 971 1159 1030 Deinde
1174 988 1267 1048 expo-

200 1075 248 1132 nit
260 1072 427 1133 accuratius
443 1094 545 1133 veram
558 1077 706 1135 rationem
722 1073 934 1132 sacrificiorum
951 1083 982 1131 et
994 1075 1086 1133 totins
1104 1073 1268 1132 cultus'Le-
1309 1136 1312 1145 ,

124 1226 127 1239 .
200 1175 295 1247 vitici,
317 1184 405 1251 atquc
422 1175 518 1249 docet,
534 1174 689 1233 sacrificiis
704 1183 734 1232 et
750 1175 856 1231 ritihus
870 1172 998 1231 Iudaicis
1014 1194 1075 1234 non
1091 1195 1155 1233 eam
1168 1177 1267 1232 inesse

201 1275 273 1348 vim,
293 1283 330 1332 ut
347 1272 498 1334 hominum
521 1276 635 1333 animos
655 1273 851 1351 tranquillare
874 1284 904 1331 et
926 1275 1013 1332 heare
1029 1279 1153 1351 possint,
1174 1272 1267 1330 sed‘si

200 1395 266 1433 cnm
288 1372 399 1431 Christi
421 1375 568 1433 sacrificio
586 1384 810 1451 comparentur,
835 1392 932 1433 meras
952 1377 1069 1434 umbras
1095 1382 1266 1448 essentque
1312 1390 1314 1397 ·

200 1477 362 1555 innagines3
384 1493 475 1550 quare
491 1476 552 1532 iam
565 1493 619 1551 per
632 1472 783 1534 Christum
795 1474 966 1554 abrogatam
983 1495 1048 1533 csse
1066 1473 1267 1548 imperiectio·

120 1597 126 1611 ‘
202 1596 267 1636 rem
281 1577 364 1633 illam
377 1572 475 1633 Deum
490 1575 608 1632 colendi
621 1576 776 1648 rationem,
796 1574 884 1652 idque
898 1594 936 1633 ex
948 1577 1020 1652 ipsis
1037 1575 1121 1631 libris
1141 1569 1268 1630 ludaeo-
1287 1562 1305 1579 ”

198 1696 265 1749 rum
285 1676 377 1734 sacris
390 1675 517 1752 probari
538 1685 569 1733 ct
594 1676 763 1733 confirmari
782 1695 882 1751 posse,
904 1678 937 1733 in
959 1675 1064 1750 quihus
1082 1667 1268 1751 'praedictum

204 1777 255 1851 sit,
276 1776 340 1836 fore
358 1785 394 1834 nt
412 1775 568 1853 aliquando
589 1778 685 1834 cultus
698 1776 849 1834 Levitious
870 1776 1041 1853 abrogetur,
1064 1784 1094 1832 ct
1106 1774 1268 1852 perfectior

192 1877 313 1954 ¹religio
333 1876 481 1934 inlocum
498 1874 645 1934 Mosaicae
666 1877 804 1935 succedat
823 1895 849 1932 o.
869 1871 1009 1948 1‚-'10,
1032 1877 1082 1936 19.
1123 1872 1269 1935 Absoluta

201 1978 296 2052 prima
329 1977 470 2052 epistolae
493 1985 592 2052 parte,
620 1996 697 2055 quae
721 1975 891 2035 disserentis
911 1984 957 2033 est
976 1984 1006 2032 et
1022 1977 1269 2055 argumentantis,

202 2095 379 2154 quamquam
391 2075 540 2169 intepdum
556 2078 645 2135 etiam
661 2075 822 2147 cohortatio
835 2076 989 2148 inseritur,
1011 2077 1045 2133 in
1060 2077 1154 2135 altera
1168 2085 1267 2154 porte,

151 2175 162 2186 ”
200 2195 277 2255 qnae
290 2186 353 2235 tota
366 2179 399 2235 in
413 2177 569 2250 monendo,
592 2176 783 2250 consolando,
805 2175 1004 2235 confirmando
1018 2185 1173 2250 versatur,
1196 2194 1268 2254 gra-

200 2277 280 2334 viter
291 2277 418 2344 lectores
438 2268 606 2334 cohortatur
622 2274 749 2354 scriptor
770 2276 807 2335 ad
832 2276 1030 2334 constantiam
1047 2277 1080 2333 in
1100 2275 1270 2351 profitenda

201 2377 350 2453 religione
368 2374 539 2449 christiana,
560 2377 666 2452 quippe
683 2395 758 2454 quae
773 2377 954 2435 ornamentis
967 2377 1056 2453 longe
1072 2375 1269 2439 ¹excellentio-

201 2476 294 2547 ribus,
316 2493 402 2551 quam
416 2477 466 2533 illa
480 2477 643 2551 antiquata,
665 2496 741 2550 aesc,
758 2477 819 2534 nisi
842 2477 945 2548 oculis,
966 2476 1071 2532 animis
1085 2483 1166 2531 certe
1187 2492 1271 2537 com·

202 2575 330 2635 mandet.
374 2576 595 2636 Generaliorem
608 2586 721 2653 partem
736 2579 922 2635 monitoriam
934 2594 953 2632 a
963 2589 1031 2652 cap.
1048 2576 1099 2648 10,
1113 2575 1205 2634 19—-
1214 2577 1269 2636 12.

203 2678 257 2737 lin.
274 2679 385 2752 excipit
398 2676 553 2759 specialior
571 2693 635 2751 cap.
652 2674 703 2749 13,
718 2678 732 2734 1
747 2695 811 2754 sqq.
827 2695 904 2754 quaa
917 2678 994 2759 varii
1009 2677 1129 2757 generis
1142 2694 1269 2754 praecc-

202 2787 304 2857 ptaot
319 2778 431 2837 monita
445 2777 604 2841 lectoribus
617 2763 786 2854 necessaria
799 2778 942 2838 continet.
1047 2830 1049 2835 Α
1248 2756 1255 2767 ’
