<?xml version="1.0" encoding="UTF-8"?>
<!DOCTYPE html PUBLIC "-//W3C//DTD XHTML 1.0 Transitional//EN"
    "http://www.w3.org/TR/xhtml1/DTD/xhtml1-transitional.dtd">
<html xmlns="http://www.w3.org/1999/xhtml" xml:lang="en" lang="en">
 <head>
  <title>
</title>
<meta http-equiv="Content-Type" content="text/html;charset=utf-8" />
  <meta name='ocr-system' content='tesseract 3.04.00' />
  <meta name='ocr-capabilities' content='ocr_page ocr_carea ocr_par ocr_line ocrx_word'/>
</head>
<body>
  <div class='ocr_page' id='page_1' title='image "./dchristianitheo00kuehgoog_0524.png"; bbox 0 0 2604 4746; ppageno 0'>
   <div class='ocr_carea' id='block_1_1' title="bbox 194 295 959 389">
    <p class='ocr_par' dir='ltr' id='par_1_1' title="bbox 194 295 959 389">
     <span class='ocr_line' id='line_1_1' title="bbox 194 295 959 389; baseline 0.004 -12"><span class='ocrx_word' id='word_1_1' title='bbox 194 307 269 379; x_wconf 80' lang='grc'><strong>191</strong></span> <span class='ocrx_word' id='word_1_2' title='bbox 500 295 664 375; x_wconf 76' lang='lat' dir='ltr'><strong>cruor</strong></span> <span class='ocrx_word' id='word_1_3' title='bbox 688 300 786 377; x_wconf 84' lang='lat' dir='ltr'><strong>Xll.</strong></span> <span class='ocrx_word' id='word_1_4' title='bbox 819 320 859 379; x_wconf 79' lang='lat' dir='ltr'><strong>r.</strong></span> <span class='ocrx_word' id='word_1_5' title='bbox 885 311 959 389; x_wconf 76' lang='grc'><strong>13.</strong></span> 
     </span>
    </p>
   </div>
   <div class='ocr_carea' id='block_1_2' title="bbox 86 461 1262 4279">
    <p class='ocr_par' dir='ltr' id='par_1_2' title="bbox 86 461 1262 4279">
     <span class='ocr_line' id='line_1_2' title="bbox 194 461 1223 553; baseline 0.011 -22"><span class='ocrx_word' id='word_1_6' title='bbox 194 466 238 531; x_wconf 80' lang='lat' dir='ltr'><strong>erl</strong></span> <span class='ocrx_word' id='word_1_7' title='bbox 252 464 285 530; x_wconf 89' lang='lat' dir='ltr'><strong>li.</strong></span> <span class='ocrx_word' id='word_1_8' title='bbox 301 463 325 529; x_wconf 88' lang='lat' dir='ltr'><strong>l.</strong></span> <span class='ocrx_word' id='word_1_9' title='bbox 341 461 513 547; x_wconf 59' lang='lat' dir='ltr'><strong>Drangae</strong></span> <span class='ocrx_word' id='word_1_10' title='bbox 533 465 574 530; x_wconf 85' lang='lat' dir='ltr'><strong>de</strong></span> <span class='ocrx_word' id='word_1_11' title='bbox 587 462 638 530; x_wconf 73' lang='lat' dir='ltr'><strong>V:</strong></span> <span class='ocrx_word' id='word_1_12' title='bbox 646 463 695 532; x_wconf 87' lang='lat' dir='ltr'><strong>M.</strong></span> <span class='ocrx_word' id='word_1_13' title='bbox 709 473 740 549; x_wconf 83' lang='lat'><strong>2,</strong></span> <span class='ocrx_word' id='word_1_14' title='bbox 755 474 786 532; x_wconf 96' lang='grc'><strong>2.</strong></span> <span class='ocrx_word' id='word_1_15' title='bbox 806 489 841 553; x_wconf 86' lang='lat' dir='ltr'><strong>p·</strong></span> <span class='ocrx_word' id='word_1_16' title='bbox 856 474 931 538; x_wconf 83' lang='lat'><strong>509.</strong></span> <span class='ocrx_word' id='word_1_17' title='bbox 958 470 999 537; x_wconf 90' lang='lat' dir='ltr'><strong>ln</strong></span> <span class='ocrx_word' id='word_1_18' title='bbox 1018 474 1172 541; x_wconf 81' lang='lat' dir='ltr'><strong>civitatem</strong></span> <span class='ocrx_word' id='word_1_19' title='bbox 1187 499 1223 543; x_wconf 89' lang='lat' dir='ltr'><strong>ro·</strong></span> 
     </span>
     <span class='ocr_line' id='line_1_3' title="bbox 193 563 1262 654; baseline 0.01 -23"><span class='ocrx_word' id='word_1_20' title='bbox 193 563 479 653; x_wconf 86' lang='lat' dir='ltr'><strong>cipiendiinscribi</strong></span> <span class='ocrx_word' id='word_1_21' title='bbox 496 563 604 630; x_wconf 89' lang='lat' dir='ltr'><strong>solent</strong></span> <span class='ocrx_word' id='word_1_22' title='bbox 617 563 715 648; x_wconf 90' lang='lat' dir='ltr'><strong>libro,</strong></span> <span class='ocrx_word' id='word_1_23' title='bbox 735 568 879 654; x_wconf 76' lang='lat' dir='ltr'><strong>inquam</strong></span> <span class='ocrx_word' id='word_1_24' title='bbox 900 573 1023 637; x_wconf 81' lang='lat' dir='ltr'><strong>civium</strong></span> <span class='ocrx_word' id='word_1_25' title='bbox 1047 577 1170 640; x_wconf 83' lang='lat' dir='ltr'><strong>nomina</strong></span> <span class='ocrx_word' id='word_1_26' title='bbox 1187 600 1224 642; x_wconf 72' lang='lat' dir='ltr'><strong>rs</strong></span> <span class='ocrx_word' id='word_1_27' title='bbox 1260 644 1262 651; x_wconf 74' lang='grc'><em>,</em></span> 
     </span>
     <span class='ocr_line' id='line_1_4' title="bbox 155 654 1262 760; baseline 0.004 -27"><span class='ocrx_word' id='word_1_28' title='bbox 155 684 158 689; x_wconf 86' lang='grc'><strong>’</strong></span> <span class='ocrx_word' id='word_1_29' title='bbox 192 668 259 733; x_wconf 83' lang='lat' dir='ltr'><strong>lata</strong></span> <span class='ocrx_word' id='word_1_30' title='bbox 274 678 359 748; x_wconf 85' lang='lat' dir='ltr'><strong>sunt,</strong></span> <span class='ocrx_word' id='word_1_31' title='bbox 380 684 541 754; x_wconf 83' lang='lat' dir='ltr'><strong>excoque</strong></span> <span class='ocrx_word' id='word_1_32' title='bbox 557 661 705 730; x_wconf 90' lang='lat' dir='ltr'><strong>delentur</strong></span> <span class='ocrx_word' id='word_1_33' title='bbox 725 669 858 736; x_wconf 80' lang='lat' dir='ltr'><strong>nomine</strong></span> <span class='ocrx_word' id='word_1_34' title='bbox 877 673 1000 737; x_wconf 84' lang='lat' dir='ltr'><strong>civium</strong></span> <span class='ocrx_word' id='word_1_35' title='bbox 1023 675 1225 760; x_wconf 70' lang='lat' dir='ltr'><strong>improborum</strong></span> <span class='ocrx_word' id='word_1_36' title='bbox 1260 654 1262 737; x_wconf 70' lang='grc' dir='ltr'>ἶ</span> 
     </span>
     <span class='ocr_line' id='line_1_5' title="bbox 192 740 1262 861; baseline 0.003 -29"><span class='ocrx_word' id='word_1_37' title='bbox 192 771 248 856; x_wconf 85' lang='lat' dir='ltr'><strong>qui</strong></span> <span class='ocrx_word' id='word_1_38' title='bbox 260 769 312 831; x_wconf 80' lang='lat' dir='ltr'><strong>ius</strong></span> <span class='ocrx_word' id='word_1_39' title='bbox 327 768 468 831; x_wconf 79' lang='lat' dir='ltr'><strong>civitatis</strong></span> <span class='ocrx_word' id='word_1_40' title='bbox 482 767 641 830; x_wconf 83' lang='lat' dir='ltr'><strong>amittunt.</strong></span> <span class='ocrx_word' id='word_1_41' title='bbox 685 765 832 851; x_wconf 81' lang='lat' dir='ltr'><strong>coelum,</strong></span> <span class='ocrx_word' id='word_1_42' title='bbox 852 772 919 836; x_wconf 82' lang='lat' dir='ltr'><strong>vita</strong></span> <span class='ocrx_word' id='word_1_43' title='bbox 931 772 1054 856; x_wconf 75' lang='lat' dir='ltr'><strong>futura,</strong></span> <span class='ocrx_word' id='word_1_44' title='bbox 1070 756 1225 861; x_wconf 65' lang='lat' dir='ltr'><strong>mpsim</strong></span> <span class='ocrx_word' id='word_1_45' title='bbox 1258 740 1262 835; x_wconf 84' lang='lat' dir='ltr'><strong>l</strong></span> 
     </span>
     <span class='ocr_line' id='line_1_6' title="bbox 189 864 1227 964; baseline 0.006 -28"><span class='ocrx_word' id='word_1_46' title='bbox 189 869 284 937; x_wconf 86' lang='lat' dir='ltr'><strong>libris</strong></span> <span class='ocrx_word' id='word_1_47' title='bbox 302 866 344 933; x_wconf 89' lang='lat' dir='ltr'><strong>N.</strong></span> <span class='ocrx_word' id='word_1_48' title='bbox 362 866 404 932; x_wconf 87' lang='grc' dir='ltr'><strong>Τ.</strong></span> <span class='ocrx_word' id='word_1_49' title='bbox 424 865 484 932; x_wconf 88' lang='lat' dir='ltr'><strong>sub</strong></span> <span class='ocrx_word' id='word_1_50' title='bbox 505 864 748 952; x_wconf 75' lang='grc' dir='ltr'><strong>πολιτεύματος</strong></span> <span class='ocrx_word' id='word_1_51' title='bbox 765 872 908 956; x_wconf 83' lang='lat' dir='ltr'><strong>imagine</strong></span> <span class='ocrx_word' id='word_1_52' title='bbox 929 875 1058 940; x_wconf 86' lang='lat' dir='ltr'><strong>sistitur</strong></span> <span class='ocrx_word' id='word_1_53' title='bbox 1072 899 1107 943; x_wconf 84' lang='lat' dir='ltr'><strong>v.</strong></span> <span class='ocrx_word' id='word_1_54' title='bbox 1125 877 1227 964; x_wconf 70' lang='lat' dir='ltr'><strong>Phili,</strong></span> 
     </span>
     <span class='ocr_line' id='line_1_7' title="bbox 190 965 1224 1066; baseline 0.013 -35"><span class='ocrx_word' id='word_1_55' title='bbox 190 970 305 1038; x_wconf 74' lang='grc'><strong>11111.</strong></span> <span class='ocrx_word' id='word_1_56' title='bbox 327 965 459 1033; x_wconf 76' lang='grc'><strong>11111.</strong></span> <span class='ocrx_word' id='word_1_57' title='bbox 479 979 575 1054; x_wconf 85' lang='lat' dir='ltr'><strong>atque</strong></span> <span class='ocrx_word' id='word_1_58' title='bbox 596 966 672 1033; x_wconf 87' lang='lat' dir='ltr'><strong>Deo</strong></span> <span class='ocrx_word' id='word_1_59' title='bbox 696 969 848 1038; x_wconf 80' lang='lat' dir='ltr'>tribuitur</span> <span class='ocrx_word' id='word_1_60' title='bbox 867 972 991 1061; x_wconf 71' lang='grc' dir='ltr'><strong><em>βίβλος</em></strong></span> <span class='ocrx_word' id='word_1_61' title='bbox 1013 975 1115 1058; x_wconf 79' lang='grc' dir='ltr'><strong><em>ζωῆς,</em></strong></span> <span class='ocrx_word' id='word_1_62' title='bbox 1134 980 1224 1066; x_wconf 75' lang='lat' dir='ltr'><strong>inquo</strong></span> 
     </span>
     <span class='ocr_line' id='line_1_8' title="bbox 191 1069 1226 1165; baseline 0.003 -25"><span class='ocrx_word' id='word_1_63' title='bbox 191 1075 381 1158; x_wconf 75' lang='lat' dir='ltr'><strong>consignata</strong></span> <span class='ocrx_word' id='word_1_64' title='bbox 402 1080 475 1132; x_wconf 90' lang='lat' dir='ltr'><strong>sunt</strong></span> <span class='ocrx_word' id='word_1_65' title='bbox 491 1069 623 1132; x_wconf 84' lang='lat' dir='ltr'><strong>nomina</strong></span> <span class='ocrx_word' id='word_1_66' title='bbox 646 1089 771 1152; x_wconf 88' lang='lat' dir='ltr'><strong>eornm,</strong></span> <span class='ocrx_word' id='word_1_67' title='bbox 792 1077 848 1160; x_wconf 88' lang='lat' dir='ltr'><strong>qui</strong></span> <span class='ocrx_word' id='word_1_68' title='bbox 869 1076 937 1140; x_wconf 84' lang='lat' dir='ltr'><strong>vita</strong></span> <span class='ocrx_word' id='word_1_69' title='bbox 958 1076 1073 1143; x_wconf 85' lang='lat' dir='ltr'><strong>futura</strong></span> <span class='ocrx_word' id='word_1_70' title='bbox 1095 1074 1226 1165; x_wconf 68' lang='grc'><strong>11111111,</strong></span> 
     </span>
     <span class='ocr_line' id='line_1_9' title="bbox 190 1168 1227 1257; baseline 0.004 -16"><span class='ocrx_word' id='word_1_71' title='bbox 190 1176 243 1241; x_wconf 90' lang='lat' dir='ltr'><strong>cui</strong></span> <span class='ocrx_word' id='word_1_72' title='bbox 255 1168 475 1257; x_wconf 91' lang='lat' dir='ltr'><strong>improborum</strong></span> <span class='ocrx_word' id='word_1_73' title='bbox 488 1170 618 1237; x_wconf 88' lang='lat' dir='ltr'><strong>nomina</strong></span> <span class='ocrx_word' id='word_1_74' title='bbox 630 1189 695 1234; x_wconf 90' lang='lat' dir='ltr'><strong>non</strong></span> <span class='ocrx_word' id='word_1_75' title='bbox 708 1172 937 1255; x_wconf 87' lang='lat' dir='ltr'><strong>inscribuntur,</strong></span> <span class='ocrx_word' id='word_1_76' title='bbox 952 1187 1008 1241; x_wconf 89' lang='lat' dir='ltr'><strong>aut</strong></span> <span class='ocrx_word' id='word_1_77' title='bbox 1023 1199 1073 1241; x_wconf 86' lang='lat' dir='ltr'><strong>ex</strong></span> <span class='ocrx_word' id='word_1_78' title='bbox 1086 1200 1126 1243; x_wconf 92' lang='lat' dir='ltr'><strong>eo</strong></span> <span class='ocrx_word' id='word_1_79' title='bbox 1140 1178 1227 1245; x_wconf 81' lang='lat' dir='ltr'><strong>doleo·</strong></span> 
     </span>
     <span class='ocr_line' id='line_1_10' title="bbox 190 1270 1226 1361; baseline 0.003 -18"><span class='ocrx_word' id='word_1_80' title='bbox 190 1291 243 1343; x_wconf 74' lang='lat' dir='ltr'><strong>tur</strong></span> <span class='ocrx_word' id='word_1_81' title='bbox 257 1270 388 1339; x_wconf 67' lang='grc'><strong>11111.</strong></span> <span class='ocrx_word' id='word_1_82' title='bbox 401 1276 479 1352; x_wconf 68' lang='grc'><strong>11.</strong></span> <span class='ocrx_word' id='word_1_83' title='bbox 499 1270 603 1354; x_wconf 80' lang='lat' dir='ltr'><strong>Apoo.</strong></span> <span class='ocrx_word' id='word_1_84' title='bbox 620 1274 651 1349; x_wconf 83' lang='lat' dir='ltr'><strong>a,</strong></span> <span class='ocrx_word' id='word_1_85' title='bbox 666 1275 696 1336; x_wconf 82' lang='lat' dir='ltr'><strong>s.</strong></span> <span class='ocrx_word' id='word_1_86' title='bbox 720 1277 771 1354; x_wconf 83' lang='grc'><strong>11,</strong></span> <span class='ocrx_word' id='word_1_87' title='bbox 787 1281 818 1340; x_wconf 81' lang='lat' dir='ltr'><strong>s.</strong></span> <span class='ocrx_word' id='word_1_88' title='bbox 850 1280 901 1356; x_wconf 80' lang='grc'><strong>11,</strong></span> <span class='ocrx_word' id='word_1_89' title='bbox 918 1282 949 1340; x_wconf 84' lang='lat' dir='ltr'><strong>s.</strong></span> <span class='ocrx_word' id='word_1_90' title='bbox 979 1283 1105 1358; x_wconf 82' lang='lat'><strong>20,15.</strong></span> <span class='ocrx_word' id='word_1_91' title='bbox 1131 1286 1226 1361; x_wconf 73' lang='grc'><strong>111.</strong></span> 
     </span>
     <span class='ocr_line' id='line_1_11' title="bbox 189 1368 1225 1462; baseline 0.012 -26"><span class='ocrx_word' id='word_1_92' title='bbox 189 1387 243 1460; x_wconf 81' lang='lat'><strong>22,</strong></span> <span class='ocrx_word' id='word_1_93' title='bbox 267 1381 318 1442; x_wconf 89' lang='grc'><strong>19.</strong></span> <span class='ocrx_word' id='word_1_94' title='bbox 350 1372 444 1438; x_wconf 89' lang='lat' dir='ltr'><strong>Iesus</strong></span> <span class='ocrx_word' id='word_1_95' title='bbox 465 1382 498 1434; x_wconf 93' lang='lat' dir='ltr'><strong>et</strong></span> <span class='ocrx_word' id='word_1_96' title='bbox 519 1368 673 1455; x_wconf 80' lang='lat' dir='ltr'><strong>Apostoli</strong></span> <span class='ocrx_word' id='word_1_97' title='bbox 693 1369 753 1437; x_wconf 85' lang='lat' dir='ltr'><strong>hac</strong></span> <span class='ocrx_word' id='word_1_98' title='bbox 774 1375 917 1462; x_wconf 77' lang='lat' dir='ltr'><strong>imagine</strong></span> <span class='ocrx_word' id='word_1_99' title='bbox 936 1379 1000 1457; x_wconf 86' lang='lat' dir='ltr'><strong>usi,</strong></span> <span class='ocrx_word' id='word_1_100' title='bbox 1022 1377 1225 1447; x_wconf 70' lang='lat' dir='ltr'>Hebraeorum</span> 
     </span>
     <span class='ocr_line' id='line_1_12' title="bbox 191 1468 1224 1568; baseline 0.003 -25"><span class='ocrx_word' id='word_1_101' title='bbox 191 1479 294 1547; x_wconf 87' lang='lat' dir='ltr'><strong>secuti</strong></span> <span class='ocrx_word' id='word_1_102' title='bbox 307 1485 381 1540; x_wconf 86' lang='lat' dir='ltr'><strong>sunt</strong></span> <span class='ocrx_word' id='word_1_103' title='bbox 393 1470 557 1557; x_wconf 76' lang='lat' dir='ltr'><strong>cogitandi</strong></span> <span class='ocrx_word' id='word_1_104' title='bbox 575 1483 608 1534; x_wconf 92' lang='lat' dir='ltr'><strong>et</strong></span> <span class='ocrx_word' id='word_1_105' title='bbox 627 1468 783 1558; x_wconf 87' lang='lat' dir='ltr'><strong>loquendi</strong></span> <span class='ocrx_word' id='word_1_106' title='bbox 796 1478 1082 1562; x_wconf 84' lang='lat' dir='ltr'><strong>consuetudinem,</strong></span> <span class='ocrx_word' id='word_1_107' title='bbox 1104 1486 1159 1568; x_wconf 86' lang='lat' dir='ltr'><strong>qui</strong></span> <span class='ocrx_word' id='word_1_108' title='bbox 1171 1481 1224 1551; x_wconf 85' lang='lat' dir='ltr'><strong>Deo</strong></span> 
     </span>
     <span class='ocr_line' id='line_1_13' title="bbox 189 1567 1225 1663; baseline 0.002 -17"><span class='ocrx_word' id='word_1_109' title='bbox 189 1577 374 1662; x_wconf 74' lang='lat' dir='ltr'><strong>tribuebant</strong></span> <span class='ocrx_word' id='word_1_110' title='bbox 387 1572 496 1638; x_wconf 82' lang='lat' dir='ltr'><strong>album</strong></span> <span class='ocrx_word' id='word_1_111' title='bbox 514 1594 542 1636; x_wconf 93' lang='lat' dir='ltr'><strong>s.</strong></span> <span class='ocrx_word' id='word_1_112' title='bbox 556 1567 748 1656; x_wconf 76' lang='lat' dir='ltr'><strong>catalogum,</strong></span> <span class='ocrx_word' id='word_1_113' title='bbox 770 1576 804 1639; x_wconf 90' lang='lat' dir='ltr'><strong>in</strong></span> <span class='ocrx_word' id='word_1_114' title='bbox 824 1598 888 1663; x_wconf 84' lang='lat' dir='ltr'><strong>quo</strong></span> <span class='ocrx_word' id='word_1_115' title='bbox 910 1580 1034 1663; x_wconf 84' lang='lat' dir='ltr'><strong>scripta</strong></span> <span class='ocrx_word' id='word_1_116' title='bbox 1060 1595 1170 1647; x_wconf 89' lang='lat' dir='ltr'><strong>essent</strong></span> <span class='ocrx_word' id='word_1_117' title='bbox 1185 1602 1225 1646; x_wconf 88' lang='lat' dir='ltr'><strong>uo·</strong></span> 
     </span>
     <span class='ocr_line' id='line_1_14' title="bbox 188 1668 1223 1759; baseline 0.003 -16"><span class='ocrx_word' id='word_1_118' title='bbox 188 1668 278 1749; x_wconf 78' lang='lat' dir='ltr'><strong>mina</strong></span> <span class='ocrx_word' id='word_1_119' title='bbox 294 1676 435 1742; x_wconf 89' lang='lat' dir='ltr'><strong>omnium</strong></span> <span class='ocrx_word' id='word_1_120' title='bbox 447 1673 610 1738; x_wconf 89' lang='lat' dir='ltr'><strong>bominum</strong></span> <span class='ocrx_word' id='word_1_121' title='bbox 625 1673 803 1740; x_wconf 86' lang='lat' dir='ltr'><strong>viventium</strong></span> <span class='ocrx_word' id='word_1_122' title='bbox 816 1698 847 1740; x_wconf 85' lang='lat' dir='ltr'><strong>v.</strong></span> <span class='ocrx_word' id='word_1_123' title='bbox 857 1677 922 1741; x_wconf 84' lang='lat' dir='ltr'><strong>Ex.</strong></span> <span class='ocrx_word' id='word_1_124' title='bbox 931 1685 983 1759; x_wconf 83' lang='grc'><strong>32,</strong></span> <span class='ocrx_word' id='word_1_125' title='bbox 998 1685 1054 1746; x_wconf 83' lang='grc'><strong>32.</strong></span> <span class='ocrx_word' id='word_1_126' title='bbox 1075 1681 1223 1747; x_wconf 76' lang='lat' dir='ltr'><strong>Praeterea</strong></span> 
     </span>
     <span class='ocr_line' id='line_1_15' title="bbox 111 1768 1222 1868; baseline 0.005 -24"><span class='ocrx_word' id='word_1_127' title='bbox 111 1800 122 1823; x_wconf 76' lang='lat'><strong><em>¹</em></strong></span> <span class='ocrx_word' id='word_1_128' title='bbox 136 1798 152 1821; x_wconf 63' lang='lat'><strong>²</strong></span> <span class='ocrx_word' id='word_1_129' title='bbox 190 1785 287 1851; x_wconf 84' lang='lat' dir='ltr'><strong>etiam</strong></span> <span class='ocrx_word' id='word_1_130' title='bbox 293 1775 438 1841; x_wconf 76' lang='lat' dir='ltr'><strong>Hebraei</strong></span> <span class='ocrx_word' id='word_1_131' title='bbox 451 1768 665 1856; x_wconf 80' lang='lat' dir='ltr'><strong>loquebantur</strong></span> <span class='ocrx_word' id='word_1_132' title='bbox 678 1775 719 1838; x_wconf 88' lang='lat' dir='ltr'><strong>de</strong></span> <span class='ocrx_word' id='word_1_133' title='bbox 733 1773 951 1842; x_wconf 87' lang='lat' dir='ltr'><strong>voluminibus</strong></span> <span class='ocrx_word' id='word_1_134' title='bbox 963 1780 997 1842; x_wconf 92' lang='lat' dir='ltr'><strong>in</strong></span> <span class='ocrx_word' id='word_1_135' title='bbox 1011 1780 1108 1847; x_wconf 90' lang='lat' dir='ltr'><strong>coelo</strong></span> <span class='ocrx_word' id='word_1_136' title='bbox 1122 1785 1222 1868; x_wconf 86' lang='lat' dir='ltr'><strong>reposi·</strong></span> 
     </span>
     <span class='ocr_line' id='line_1_16' title="bbox 187 1871 1222 1968; baseline 0 -25"><span class='ocrx_word' id='word_1_137' title='bbox 187 1887 243 1964; x_wconf 81' lang='lat' dir='ltr'><strong>tis,</strong></span> <span class='ocrx_word' id='word_1_138' title='bbox 265 1901 346 1968; x_wconf 90' lang='lat' dir='ltr'><strong>quae</strong></span> <span class='ocrx_word' id='word_1_139' title='bbox 360 1877 447 1940; x_wconf 83' lang='lat' dir='ltr'><strong>facte</strong></span> <span class='ocrx_word' id='word_1_140' title='bbox 460 1873 573 1939; x_wconf 85' lang='lat' dir='ltr'><strong>et&#39;fata</strong></span> <span class='ocrx_word' id='word_1_141' title='bbox 587 1871 751 1939; x_wconf 88' lang='lat' dir='ltr'><strong>hominum</strong></span> <span class='ocrx_word' id='word_1_142' title='bbox 765 1874 870 1941; x_wconf 89' lang='lat' dir='ltr'><strong>literis</strong></span> <span class='ocrx_word' id='word_1_143' title='bbox 888 1881 1082 1964; x_wconf 78' lang='lat' dir='ltr'><strong>consignate</strong></span> <span class='ocrx_word' id='word_1_144' title='bbox 1103 1885 1222 1949; x_wconf 75' lang='lat' dir='ltr'><strong>eontine-</strong></span> 
     </span>
     <span class='ocr_line' id='line_1_17' title="bbox 188 1971 1221 2064; baseline 0 -20"><span class='ocrx_word' id='word_1_145' title='bbox 188 1993 261 2049; x_wconf 84' lang='lat' dir='ltr'><strong>rent</strong></span> <span class='ocrx_word' id='word_1_146' title='bbox 273 2001 305 2043; x_wconf 87' lang='lat' dir='ltr'><strong>v.</strong></span> <span class='ocrx_word' id='word_1_147' title='bbox 318 1979 374 2043; x_wconf 89' lang='lat' dir='ltr'><strong>Ps.</strong></span> <span class='ocrx_word' id='word_1_148' title='bbox 387 1980 442 2057; x_wconf 90' lang='grc'><strong>69,</strong></span> <span class='ocrx_word' id='word_1_149' title='bbox 456 1980 507 2039; x_wconf 86' lang='grc'><strong>29.</strong></span> <span class='ocrx_word' id='word_1_150' title='bbox 532 1971 618 2039; x_wconf 84' lang='lat' dir='ltr'><strong>Dan·</strong></span> <span class='ocrx_word' id='word_1_151' title='bbox 637 1981 688 2054; x_wconf 86' lang='grc'><strong>12,</strong></span> <span class='ocrx_word' id='word_1_152' title='bbox 705 1980 785 2041; x_wconf 85' lang='grc'><strong>1-4.</strong></span> <span class='ocrx_word' id='word_1_153' title='bbox 807 1974 954 2062; x_wconf 81' lang='lat' dir='ltr'><strong>&#39;largum</strong></span> <span class='ocrx_word' id='word_1_154' title='bbox 968 1979 1030 2044; x_wconf 76' lang='lat' dir='ltr'><strong>Eu.</strong></span> <span class='ocrx_word' id='word_1_155' title='bbox 1050 1988 1102 2064; x_wconf 84' lang='grc'><strong>13,</strong></span> <span class='ocrx_word' id='word_1_156' title='bbox 1114 1990 1144 2049; x_wconf 91' lang='grc'><strong>9.</strong></span> <span class='ocrx_word' id='word_1_157' title='bbox 1159 1992 1221 2049; x_wconf 68' lang='lat' dir='ltr'><strong>ets</strong></span> 
     </span>
     <span class='ocr_line' id='line_1_18' title="bbox 189 2076 1221 2163; baseline 0.004 -16"><span class='ocrx_word' id='word_1_158' title='bbox 189 2083 270 2153; x_wconf 70' lang='lat' dir='ltr'><strong>labro</strong></span> <span class='ocrx_word' id='word_1_159' title='bbox 284 2076 373 2145; x_wconf 72' lang='lat' dir='ltr'><strong>cotue</strong></span> <span class='ocrx_word' id='word_1_160' title='bbox 397 2085 569 2155; x_wconf 67' lang='lat' dir='ltr'><strong>aetenae,</strong></span> <span class='ocrx_word' id='word_1_161' title='bbox 591 2079 647 2160; x_wconf 75' lang='lat' dir='ltr'><strong>qus·</strong></span> <span class='ocrx_word' id='word_1_162' title='bbox 666 2081 805 2161; x_wconf 67' lang='lat' dir='ltr'><strong>sceptus</strong></span> <span class='ocrx_word' id='word_1_163' title='bbox 822 2085 982 2145; x_wconf 76' lang='grc'><strong>1111111111</strong></span> <span class='ocrx_word' id='word_1_164' title='bbox 1003 2081 1159 2163; x_wconf 60' lang='lat' dir='ltr'><strong>Ituraeis,</strong></span> <span class='ocrx_word' id='word_1_165' title='bbox 1177 2107 1221 2151; x_wconf 83' lang='grc'><strong>1111</strong></span> 
     </span>
     <span class='ocr_line' id='line_1_19' title="bbox 188 2176 1219 2264; baseline -0.001 -13"><span class='ocrx_word' id='word_1_166' title='bbox 188 2183 378 2251; x_wconf 63' lang='lat' dir='ltr'><strong>uenientes.</strong></span> <span class='ocrx_word' id='word_1_167' title='bbox 419 2176 491 2242; x_wconf 87' lang='lat' dir='ltr'><strong>Iam</strong></span> <span class='ocrx_word' id='word_1_168' title='bbox 504 2196 583 2240; x_wconf 85' lang='lat' dir='ltr'><strong>vero</strong></span> <span class='ocrx_word' id='word_1_169' title='bbox 599 2177 773 2261; x_wconf 85' lang='lat' dir='ltr'><strong>quaeritur,</strong></span> <span class='ocrx_word' id='word_1_170' title='bbox 794 2179 925 2264; x_wconf 79' lang='lat' dir='ltr'><strong>quinam</strong></span> <span class='ocrx_word' id='word_1_171' title='bbox 948 2179 1061 2249; x_wconf 86' lang='lat' dir='ltr'><strong>verbis</strong></span> <span class='ocrx_word' id='word_1_172' title='bbox 1081 2183 1219 2264; x_wconf 76' lang='grc' dir='ltr'><strong>ἐκκλησία</strong></span> 
     </span>
     <span class='ocr_line' id='line_1_20' title="bbox 188 2273 1220 2368; baseline 0 -21"><span class='ocrx_word' id='word_1_173' title='bbox 188 2308 220 2352; x_wconf 82' lang='grc' dir='ltr'><strong>κ.</strong></span> <span class='ocrx_word' id='word_1_174' title='bbox 241 2309 269 2350; x_wconf 86' lang='lat' dir='ltr'><strong>r.</strong></span> <span class='ocrx_word' id='word_1_175' title='bbox 292 2283 323 2347; x_wconf 85' lang='grc' dir='ltr'><strong>λ.</strong></span> <span class='ocrx_word' id='word_1_176' title='bbox 343 2280 376 2345; x_wconf 93' lang='lat' dir='ltr'><strong>h.</strong></span> <span class='ocrx_word' id='word_1_177' title='bbox 399 2276 424 2343; x_wconf 89' lang='lat' dir='ltr'><strong>l.</strong></span> <span class='ocrx_word' id='word_1_178' title='bbox 446 2273 686 2362; x_wconf 81' lang='lat' dir='ltr'><strong>significenturl</strong></span> <span class='ocrx_word' id='word_1_179' title='bbox 712 2275 901 2343; x_wconf 80' lang='lat' dir='ltr'><strong>Extiterunt</strong></span> <span class='ocrx_word' id='word_1_180' title='bbox 921 2281 978 2366; x_wconf 89' lang='lat' dir='ltr'><strong>qui</strong></span> <span class='ocrx_word' id='word_1_181' title='bbox 994 2281 1132 2368; x_wconf 86' lang='lat' dir='ltr'><strong>angelos</strong></span> <span class='ocrx_word' id='word_1_182' title='bbox 1146 2286 1220 2349; x_wconf 88' lang='lat' dir='ltr'><strong>molo</strong></span> 
     </span>
     <span class='ocr_line' id='line_1_21' title="bbox 86 2366 1220 2471; baseline -0.004 -19"><span class='ocrx_word' id='word_1_183' title='bbox 86 2466 89 2471; x_wconf 25' lang='grc' dir='ltr'>Ι</span> <span class='ocrx_word' id='word_1_184' title='bbox 186 2394 380 2452; x_wconf 84' lang='lat' dir='ltr'><strong>memoratos</strong></span> <span class='ocrx_word' id='word_1_185' title='bbox 393 2376 621 2462; x_wconf 81' lang='lat' dir='ltr'><strong>intelligerent,</strong></span> <span class='ocrx_word' id='word_1_186' title='bbox 636 2366 699 2455; x_wconf 83' lang='lat' dir='ltr'><strong>ita,</strong></span> <span class='ocrx_word' id='word_1_187' title='bbox 720 2387 755 2438; x_wconf 91' lang='lat' dir='ltr'><strong>ut</strong></span> <span class='ocrx_word' id='word_1_188' title='bbox 768 2375 850 2442; x_wconf 90' lang='lat' dir='ltr'><strong>haec</strong></span> <span class='ocrx_word' id='word_1_189' title='bbox 863 2377 965 2442; x_wconf 87' lang='lat' dir='ltr'><strong>verba</strong></span> <span class='ocrx_word' id='word_1_190' title='bbox 985 2402 1046 2464; x_wconf 91' lang='lat' dir='ltr'><strong>per</strong></span> <span class='ocrx_word' id='word_1_191' title='bbox 1065 2388 1220 2468; x_wconf 86' lang='lat' dir='ltr'><strong>appositio-</strong></span> 
     </span>
     <span class='ocr_line' id='line_1_22' title="bbox 186 2474 1220 2553; baseline 0.001 -3"><span class='ocrx_word' id='word_1_192' title='bbox 186 2508 261 2551; x_wconf 90' lang='lat' dir='ltr'><strong>nem</strong></span> <span class='ocrx_word' id='word_1_193' title='bbox 277 2483 425 2546; x_wconf 86' lang='lat' dir='ltr'><strong>adiuncta</strong></span> <span class='ocrx_word' id='word_1_194' title='bbox 440 2474 560 2543; x_wconf 84' lang='lat' dir='ltr'><strong>essent.</strong></span> <span class='ocrx_word' id='word_1_195' title='bbox 601 2474 639 2540; x_wconf 92' lang='lat' dir='ltr'><strong>ln</strong></span> <span class='ocrx_word' id='word_1_196' title='bbox 658 2474 721 2540; x_wconf 92' lang='lat' dir='ltr'><strong>hac</strong></span> <span class='ocrx_word' id='word_1_197' title='bbox 742 2481 900 2543; x_wconf 85' lang='lat' dir='ltr'><strong>sententie</strong></span> <span class='ocrx_word' id='word_1_198' title='bbox 921 2479 1053 2548; x_wconf 85' lang='lat' dir='ltr'><strong>luerunt</strong></span> <span class='ocrx_word' id='word_1_199' title='bbox 1070 2485 1220 2553; x_wconf 72' lang='lat' dir='ltr'><strong>Musaeo</strong></span> 
     </span>
     <span class='ocr_line' id='line_1_23' title="bbox 188 2577 1221 2673; baseline 0.002 -24"><span class='ocrx_word' id='word_1_200' title='bbox 188 2588 256 2673; x_wconf 88' lang='lat' dir='ltr'><strong>(qui</strong></span> <span class='ocrx_word' id='word_1_201' title='bbox 268 2597 376 2647; x_wconf 90' lang='lat' dir='ltr'><strong>tamen</strong></span> <span class='ocrx_word' id='word_1_202' title='bbox 387 2582 459 2663; x_wconf 87' lang='lat' dir='ltr'><strong>ipso</strong></span> <span class='ocrx_word' id='word_1_203' title='bbox 475 2577 655 2663; x_wconf 83' lang='lat' dir='ltr'><strong>profitetur,</strong></span> <span class='ocrx_word' id='word_1_204' title='bbox 686 2578 800 2643; x_wconf 83' lang='lat' dir='ltr'><strong>deesse</strong></span> <span class='ocrx_word' id='word_1_205' title='bbox 816 2578 917 2662; x_wconf 87' lang='lat' dir='ltr'><strong>locos,</strong></span> <span class='ocrx_word' id='word_1_206' title='bbox 939 2579 1058 2666; x_wconf 86' lang='lat' dir='ltr'><strong>quibus</strong></span> <span class='ocrx_word' id='word_1_207' title='bbox 1082 2584 1163 2650; x_wconf 89' lang='lat' dir='ltr'><strong>baec</strong></span> <span class='ocrx_word' id='word_1_208' title='bbox 1180 2608 1221 2650; x_wconf 85' lang='lat' dir='ltr'><strong>vo·</strong></span> 
     </span>
     <span class='ocr_line' id='line_1_24' title="bbox 188 2676 1221 2769; baseline 0.003 -19"><span class='ocrx_word' id='word_1_209' title='bbox 188 2683 295 2750; x_wconf 88' lang='lat' dir='ltr'><strong>cabuli</strong></span> <span class='ocrx_word' id='word_1_210' title='bbox 314 2677 534 2766; x_wconf 79' lang='grc' dir='ltr'><em>πρωτοτόκων</em></span> <span class='ocrx_word' id='word_1_211' title='bbox 549 2676 740 2763; x_wconf 86' lang='lat' dir='ltr'><strong>significatio</strong></span> <span class='ocrx_word' id='word_1_212' title='bbox 764 2679 967 2765; x_wconf 87' lang='lat' dir='ltr'><strong>comprobari</strong></span> <span class='ocrx_word' id='word_1_213' title='bbox 982 2686 1113 2769; x_wconf 84' lang='lat' dir='ltr'><strong>possit),</strong></span> <span class='ocrx_word' id='word_1_214' title='bbox 1136 2687 1221 2753; x_wconf 82' lang='lat' dir='ltr'><strong>Noer-</strong></span> 
     </span>
     <span class='ocr_line' id='line_1_25' title="bbox 100 2780 1219 2869; baseline -0.006 -10"><span class='ocrx_word' id='word_1_215' title='bbox 100 2854 103 2859; x_wconf 90' lang='lat'>.</span> <span class='ocrx_word' id='word_1_216' title='bbox 186 2793 284 2856; x_wconf 75' lang='lat' dir='ltr'><strong>sellus</strong></span> <span class='ocrx_word' id='word_1_217' title='bbox 293 2782 453 2869; x_wconf 79' lang='lat' dir='ltr'><strong>Exercitt.</strong></span> <span class='ocrx_word' id='word_1_218' title='bbox 466 2803 498 2866; x_wconf 91' lang='lat' dir='ltr'><strong>p.</strong></span> <span class='ocrx_word' id='word_1_219' title='bbox 515 2784 587 2843; x_wconf 82' lang='grc'><strong>184.</strong></span> <span class='ocrx_word' id='word_1_220' title='bbox 608 2781 699 2845; x_wconf 87' lang='lat' dir='ltr'><strong>cuius</strong></span> <span class='ocrx_word' id='word_1_221' title='bbox 715 2780 815 2847; x_wconf 86' lang='lat' dir='ltr'><strong>verba</strong></span> <span class='ocrx_word' id='word_1_222' title='bbox 831 2804 931 2866; x_wconf 88' lang='lat' dir='ltr'><strong>supra</strong></span> <span class='ocrx_word' id='word_1_223' title='bbox 945 2803 974 2846; x_wconf 87' lang='lat' dir='ltr'><strong>v.</strong></span> <span class='ocrx_word' id='word_1_224' title='bbox 988 2789 1042 2848; x_wconf 76' lang='lat'><strong>22.</strong></span> <span class='ocrx_word' id='word_1_225' title='bbox 1064 2785 1219 2868; x_wconf 80' lang='lat' dir='ltr'><strong>attulimus,</strong></span> 
     </span>
     <span class='ocr_line' id='line_1_26' title="bbox 187 2882 1220 2969; baseline -0.002 -14"><span class='ocrx_word' id='word_1_226' title='bbox 187 2904 220 2955; x_wconf 90' lang='grc'><strong>11</strong></span> <span class='ocrx_word' id='word_1_227' title='bbox 245 2887 411 2965; x_wconf 67' lang='lat' dir='ltr'><strong>Solorius,</strong></span> <span class='ocrx_word' id='word_1_228' title='bbox 433 2882 489 2969; x_wconf 89' lang='lat' dir='ltr'><strong>qui</strong></span> <span class='ocrx_word' id='word_1_229' title='bbox 508 2882 621 2945; x_wconf 87' lang='lat' dir='ltr'><strong>vertit:</strong></span> <span class='ocrx_word' id='word_1_230' title='bbox 644 2889 944 2967; x_wconf 60' lang='lat' dir='ltr'><strong>promerueram,</strong></span> <span class='ocrx_word' id='word_1_231' title='bbox 971 2885 1220 2952; x_wconf 77' lang='lat' dir='ltr'><strong>internuntiorum</strong></span> 
     </span>
     <span class='ocr_line' id='line_1_27' title="bbox 187 2981 1220 3077; baseline -0.002 -21"><span class='ocrx_word' id='word_1_232' title='bbox 187 2989 388 3066; x_wconf 79' lang='lat' dir='ltr'><strong>coelestium,</strong></span> <span class='ocrx_word' id='word_1_233' title='bbox 408 2991 443 3050; x_wconf 80' lang='lat' dir='ltr'><strong>s&#39;a</strong></span> <span class='ocrx_word' id='word_1_234' title='bbox 465 2983 562 3047; x_wconf 80' lang='lat' dir='ltr'><strong>coela</strong></span> <span class='ocrx_word' id='word_1_235' title='bbox 585 2990 844 3068; x_wconf 64' lang='lat' dir='ltr'><strong>contemptorum.</strong></span> <span class='ocrx_word' id='word_1_236' title='bbox 885 2981 958 3048; x_wconf 91' lang='lat' dir='ltr'><strong>Nec</strong></span> <span class='ocrx_word' id='word_1_237' title='bbox 979 2984 1162 3070; x_wconf 83' lang='lat' dir='ltr'><strong>defuerunt,</strong></span> <span class='ocrx_word' id='word_1_238' title='bbox 1181 2989 1220 3077; x_wconf 81' lang='lat' dir='ltr'><strong>qui</strong></span> 
     </span>
     <span class='ocr_line' id='line_1_28' title="bbox 171 3074 1219 3175; baseline -0.003 -18"><span class='ocrx_word' id='word_1_239' title='bbox 171 3087 401 3166; x_wconf 76' lang='lat' dir='ltr'><strong>Patriorcbas,</strong></span> <span class='ocrx_word' id='word_1_240' title='bbox 422 3074 652 3161; x_wconf 70' lang='lat' dir='ltr'><strong>abrahamum,</strong></span> <span class='ocrx_word' id='word_1_241' title='bbox 671 3081 818 3151; x_wconf 82' lang='lat' dir='ltr'><strong>isaacum</strong></span> <span class='ocrx_word' id='word_1_242' title='bbox 839 3095 872 3149; x_wconf 89' lang='grc'><strong>11</strong></span> <span class='ocrx_word' id='word_1_243' title='bbox 887 3081 1054 3167; x_wconf 88' lang='lat' dir='ltr'><strong>Iacobum,</strong></span> <span class='ocrx_word' id='word_1_244' title='bbox 1074 3088 1219 3175; x_wconf 82' lang='lat' dir='ltr'><strong>intelligo·</strong></span> 
     </span>
     <span class='ocr_line' id='line_1_29' title="bbox 118 3184 1218 3274; baseline -0.005 -15"><span class='ocrx_word' id='word_1_245' title='bbox 118 3259 121 3265; x_wconf 73' lang='grc'><strong><em>,</em></strong></span> <span class='ocrx_word' id='word_1_246' title='bbox 184 3203 267 3259; x_wconf 90' lang='lat' dir='ltr'><strong>rent.</strong></span> <span class='ocrx_word' id='word_1_247' title='bbox 310 3188 377 3254; x_wconf 85' lang='lat' dir='ltr'><strong>Sed</strong></span> <span class='ocrx_word' id='word_1_248' title='bbox 393 3197 428 3248; x_wconf 90' lang='lat' dir='ltr'><strong>ut</strong></span> <span class='ocrx_word' id='word_1_249' title='bbox 443 3184 508 3248; x_wconf 85' lang='lat' dir='ltr'><strong>alia</strong></span> <span class='ocrx_word' id='word_1_250' title='bbox 519 3185 664 3248; x_wconf 88' lang='lat' dir='ltr'><strong>omittam</strong></span> <span class='ocrx_word' id='word_1_251' title='bbox 684 3206 766 3270; x_wconf 84' lang='lat' dir='ltr'><strong>quae</strong></span> <span class='ocrx_word' id='word_1_252' title='bbox 785 3184 861 3249; x_wconf 88' lang='lat' dir='ltr'><strong>huic</strong></span> <span class='ocrx_word' id='word_1_253' title='bbox 877 3184 1055 3268; x_wconf 75' lang='lat' dir='ltr'><strong>posteriori</strong></span> <span class='ocrx_word' id='word_1_254' title='bbox 1077 3190 1218 3274; x_wconf 83' lang='lat' dir='ltr'><strong>interpre·</strong></span> 
     </span>
     <span class='ocr_line' id='line_1_30' title="bbox 184 3283 1218 3374; baseline -0.003 -16"><span class='ocrx_word' id='word_1_255' title='bbox 184 3292 299 3358; x_wconf 85' lang='lat' dir='ltr'><strong>tationi</strong></span> <span class='ocrx_word' id='word_1_256' title='bbox 318 3289 547 3365; x_wconf 83' lang='lat' dir='ltr'><strong>adversantur,</strong></span> <span class='ocrx_word' id='word_1_257' title='bbox 566 3283 783 3370; x_wconf 85' lang='lat' dir='ltr'><strong>neglexerunt</strong></span> <span class='ocrx_word' id='word_1_258' title='bbox 802 3285 838 3350; x_wconf 89' lang='lat' dir='ltr'><strong>bi</strong></span> <span class='ocrx_word' id='word_1_259' title='bbox 854 3288 1052 3369; x_wconf 84' lang='lat' dir='ltr'><strong>interpretes</strong></span> <span class='ocrx_word' id='word_1_260' title='bbox 1070 3292 1218 3374; x_wconf 83' lang='lat' dir='ltr'><strong>proprian</strong></span> 
     </span>
     <span class='ocr_line' id='line_1_31' title="bbox 184 3380 1217 3471; baseline -0.006 -12"><span class='ocrx_word' id='word_1_261' title='bbox 184 3389 336 3460; x_wconf 84' lang='lat' dir='ltr'><strong>vocabuli</strong></span> <span class='ocrx_word' id='word_1_262' title='bbox 352 3380 524 3466; x_wconf 77' lang='grc' dir='ltr'><strong><em>ἐκκλησία,</em></strong></span> <span class='ocrx_word' id='word_1_263' title='bbox 536 3384 822 3468; x_wconf 83' lang='lat' dir='ltr'><strong>significationem,</strong></span> <span class='ocrx_word' id='word_1_264' title='bbox 852 3385 937 3471; x_wconf 87' lang='lat' dir='ltr'><strong>quod</strong></span> <span class='ocrx_word' id='word_1_265' title='bbox 961 3383 1055 3449; x_wconf 89' lang='lat' dir='ltr'><strong>nullo</strong></span> <span class='ocrx_word' id='word_1_266' title='bbox 1075 3387 1150 3455; x_wconf 90' lang='lat' dir='ltr'><strong>loco</strong></span> <span class='ocrx_word' id='word_1_267' title='bbox 1169 3403 1217 3453; x_wconf 83' lang='grc'><strong>1111</strong></span> 
     </span>
     <span class='ocr_line' id='line_1_32' title="bbox 184 3483 1218 3580; baseline -0.007 -22"><span class='ocrx_word' id='word_1_268' title='bbox 184 3514 319 3580; x_wconf 86' lang='lat' dir='ltr'><strong>parvum</strong></span> <span class='ocrx_word' id='word_1_269' title='bbox 332 3501 458 3554; x_wconf 87' lang='lat' dir='ltr'><strong>coetum</strong></span> <span class='ocrx_word' id='word_1_270' title='bbox 471 3483 641 3572; x_wconf 85' lang='lat' dir='ltr'><strong>significet.</strong></span> <span class='ocrx_word' id='word_1_271' title='bbox 681 3484 812 3550; x_wconf 86' lang='lat' dir='ltr'><strong>Rectius</strong></span> <span class='ocrx_word' id='word_1_272' title='bbox 827 3484 883 3549; x_wconf 88' lang='lat' dir='ltr'><strong>ulii</strong></span> <span class='ocrx_word' id='word_1_273' title='bbox 896 3484 949 3549; x_wconf 85' lang='lat' dir='ltr'><strong>bis</strong></span> <span class='ocrx_word' id='word_1_274' title='bbox 961 3484 1073 3552; x_wconf 88' lang='lat' dir='ltr'><strong>verbis</strong></span> <span class='ocrx_word' id='word_1_275' title='bbox 1083 3489 1218 3575; x_wconf 84' lang='lat' dir='ltr'><strong>insigniri</strong></span> 
     </span>
     <span class='ocr_line' id='line_1_33' title="bbox 184 3585 1262 3681; baseline -0.006 -21"><span class='ocrx_word' id='word_1_276' title='bbox 184 3603 328 3660; x_wconf 87' lang='lat' dir='ltr'><strong>statuunt</strong></span> <span class='ocrx_word' id='word_1_277' title='bbox 347 3602 472 3655; x_wconf 88' lang='lat' dir='ltr'><strong>coetum</strong></span> <span class='ocrx_word' id='word_1_278' title='bbox 496 3587 751 3667; x_wconf 87' lang='lat' dir='ltr'><strong>christianorum,</strong></span> <span class='ocrx_word' id='word_1_279' title='bbox 773 3585 897 3672; x_wconf 88' lang='lat' dir='ltr'><strong>quibis</strong></span> <span class='ocrx_word' id='word_1_280' title='bbox 924 3587 1079 3657; x_wconf 85' lang='lat' dir='ltr'><strong>interris</strong></span> <span class='ocrx_word' id='word_1_281' title='bbox 1104 3589 1217 3676; x_wconf 83' lang='lat' dir='ltr'><strong>degon,</strong></span> <span class='ocrx_word' id='word_1_282' title='bbox 1259 3588 1262 3681; x_wconf 67' lang='grc' dir='ltr'>ξ</span> 
     </span>
     <span class='ocr_line' id='line_1_34' title="bbox 184 3683 1262 3783; baseline -0.003 -25"><span class='ocrx_word' id='word_1_283' title='bbox 184 3692 346 3783; x_wconf 85' lang='lat' dir='ltr'><strong>quibusiu</strong></span> <span class='ocrx_word' id='word_1_284' title='bbox 366 3688 430 3764; x_wconf 83' lang='lat' dir='ltr'><strong>fide</strong></span> <span class='ocrx_word' id='word_1_285' title='bbox 453 3683 745 3771; x_wconf 88' lang='lat' dir='ltr'><strong>perseverantibus,</strong></span> <span class='ocrx_word' id='word_1_286' title='bbox 767 3686 892 3767; x_wconf 83' lang='lat' dir='ltr'><strong>civitas,</strong></span> <span class='ocrx_word' id='word_1_287' title='bbox 915 3683 1056 3752; x_wconf 80' lang='lat' dir='ltr'><strong>felicitae</strong></span> <span class='ocrx_word' id='word_1_288' title='bbox 1069 3687 1217 3766; x_wconf 79' lang='lat' dir='ltr'><strong>coelestis,</strong></span> <span class='ocrx_word' id='word_1_289' title='bbox 1259 3692 1262 3777; x_wconf 68' lang='lat' dir='ltr'><strong>l</strong></span> 
     </span>
     <span class='ocr_line' id='line_1_35' title="bbox 184 3786 1262 3869; baseline 0.003 -16"><span class='ocrx_word' id='word_1_290' title='bbox 184 3803 248 3856; x_wconf 84' lang='lat' dir='ltr'><strong>tam</strong></span> <span class='ocrx_word' id='word_1_291' title='bbox 264 3801 353 3855; x_wconf 85' lang='lat' dir='ltr'><strong>certa</strong></span> <span class='ocrx_word' id='word_1_292' title='bbox 369 3797 430 3865; x_wconf 88' lang='lat' dir='ltr'><strong>est,</strong></span> <span class='ocrx_word' id='word_1_293' title='bbox 451 3807 488 3848; x_wconf 86' lang='lat' dir='ltr'><strong>oc</strong></span> <span class='ocrx_word' id='word_1_294' title='bbox 501 3789 532 3848; x_wconf 87' lang='lat' dir='ltr'><strong>si</strong></span> <span class='ocrx_word' id='word_1_295' title='bbox 545 3808 617 3850; x_wconf 85' lang='lat' dir='ltr'><strong>eam</strong></span> <span class='ocrx_word' id='word_1_296' title='bbox 627 3787 693 3850; x_wconf 91' lang='lat' dir='ltr'><strong>iarn</strong></span> <span class='ocrx_word' id='word_1_297' title='bbox 704 3787 869 3853; x_wconf 76' lang='lat' dir='ltr'><strong>consecuti</strong></span> <span class='ocrx_word' id='word_1_298' title='bbox 883 3788 956 3851; x_wconf 86' lang='lat' dir='ltr'><strong>sint.</strong></span> <span class='ocrx_word' id='word_1_299' title='bbox 979 3786 1113 3867; x_wconf 86' lang='lat' dir='ltr'><strong>Scilicet</strong></span> <span class='ocrx_word' id='word_1_300' title='bbox 1124 3788 1214 3855; x_wconf 78' lang='grc'><strong>11111·</strong></span> <span class='ocrx_word' id='word_1_301' title='bbox 1259 3804 1262 3869; x_wconf 73' lang='lat' dir='ltr'>j</span> 
     </span>
     <span class='ocr_line' id='line_1_36' title="bbox 183 3878 1262 3974; baseline -0.003 -18"><span class='ocrx_word' id='word_1_302' title='bbox 183 3890 271 3969; x_wconf 88' lang='lat' dir='ltr'><strong>litae,</strong></span> <span class='ocrx_word' id='word_1_303' title='bbox 292 3900 442 3970; x_wconf 85' lang='lat' dir='ltr'><strong>utsupra</strong></span> <span class='ocrx_word' id='word_1_304' title='bbox 454 3886 604 3966; x_wconf 90' lang='lat' dir='ltr'><strong>vidimus,</strong></span> <span class='ocrx_word' id='word_1_305' title='bbox 624 3907 697 3954; x_wconf 86' lang='lat' dir='ltr'><strong>oum</strong></span> <span class='ocrx_word' id='word_1_306' title='bbox 717 3883 792 3949; x_wconf 84' lang='lat' dir='ltr'><strong>aliis</strong></span> <span class='ocrx_word' id='word_1_307' title='bbox 807 3885 958 3971; x_wconf 83' lang='lat' dir='ltr'><strong>gentibus</strong></span> <span class='ocrx_word' id='word_1_308' title='bbox 973 3892 1155 3974; x_wconf 78' lang='lat' dir='ltr'><strong>comparati,</strong></span> <span class='ocrx_word' id='word_1_309' title='bbox 1174 3888 1213 3951; x_wconf 84' lang='grc'><strong>111-</strong></span> <span class='ocrx_word' id='word_1_310' title='bbox 1260 3878 1262 3953; x_wconf 83' lang='grc'><strong>1</strong></span> 
     </span>
     <span class='ocr_line' id='line_1_37' title="bbox 183 3970 1262 4093; baseline -0.004 -37"><span class='ocrx_word' id='word_1_311' title='bbox 183 3989 336 4056; x_wconf 85' lang='lat' dir='ltr'><strong>cebantur</strong></span> <span class='ocrx_word' id='word_1_312' title='bbox 351 3985 421 4052; x_wconf 77' lang='lat' dir='ltr'><strong>Dei</strong></span> <span class='ocrx_word' id='word_1_313' title='bbox 427 3994 643 4073; x_wconf 72' lang='lat' dir='ltr'><strong>primogeniti,</strong></span> <span class='ocrx_word' id='word_1_314' title='bbox 664 3997 774 4072; x_wconf 84' lang='lat' dir='ltr'><strong>utpote</strong></span> <span class='ocrx_word' id='word_1_315' title='bbox 786 3985 860 4051; x_wconf 92' lang='lat' dir='ltr'><strong>Deo</strong></span> <span class='ocrx_word' id='word_1_316' title='bbox 876 3988 1024 4071; x_wconf 88' lang='lat' dir='ltr'><strong>inprimis</strong></span> <span class='ocrx_word' id='word_1_317' title='bbox 1039 3991 1105 4052; x_wconf 87' lang='lat' dir='ltr'><strong>curi</strong></span> <span class='ocrx_word' id='word_1_318' title='bbox 1127 4002 1156 4052; x_wconf 89' lang='lat' dir='ltr'><strong>et</strong></span> <span class='ocrx_word' id='word_1_319' title='bbox 1174 3989 1212 4051; x_wconf 86' lang='lat' dir='ltr'><strong>di-</strong></span> <span class='ocrx_word' id='word_1_320' title='bbox 1259 3970 1262 4093; x_wconf 56' lang='grc'><strong>1</strong></span> 
     </span>
     <span class='ocr_line' id='line_1_38' title="bbox 182 4085 1262 4197; baseline -0.003 -43"><span class='ocrx_word' id='word_1_321' title='bbox 182 4089 269 4168; x_wconf 90' lang='lat' dir='ltr'><strong>lecti,</strong></span> <span class='ocrx_word' id='word_1_322' title='bbox 291 4086 456 4152; x_wconf 87' lang='lat' dir='ltr'><strong>beneficiis</strong></span> <span class='ocrx_word' id='word_1_323' title='bbox 471 4089 512 4153; x_wconf 90' lang='lat' dir='ltr'><strong>ab</strong></span> <span class='ocrx_word' id='word_1_324' title='bbox 531 4112 570 4153; x_wconf 92' lang='lat' dir='ltr'><strong>eo</strong></span> <span class='ocrx_word' id='word_1_325' title='bbox 583 4089 766 4174; x_wconf 84' lang='lat' dir='ltr'><strong>praecipuis</strong></span> <span class='ocrx_word' id='word_1_326' title='bbox 789 4089 905 4166; x_wconf 87' lang='lat' dir='ltr'><strong>ornati,</strong></span> <span class='ocrx_word' id='word_1_327' title='bbox 927 4085 1009 4151; x_wconf 87' lang='lat' dir='ltr'><strong>alios</strong></span> <span class='ocrx_word' id='word_1_328' title='bbox 1029 4088 1160 4174; x_wconf 86' lang='lat' dir='ltr'><strong>populos</strong></span> <span class='ocrx_word' id='word_1_329' title='bbox 1173 4088 1211 4151; x_wconf 87' lang='lat' dir='ltr'><strong>di-</strong></span> <span class='ocrx_word' id='word_1_330' title='bbox 1259 4122 1262 4197; x_wconf 54' lang='lat' dir='ltr'>i</span> 
     </span>
     <span class='ocr_line' id='line_1_39' title="bbox 180 4186 1262 4279; baseline 0.002 -26"><span class='ocrx_word' id='word_1_331' title='bbox 180 4191 303 4279; x_wconf 83' lang='lat' dir='ltr'><strong>gnitate</strong></span> <span class='ocrx_word' id='word_1_332' title='bbox 318 4188 560 4274; x_wconf 85' lang='lat' dir='ltr'><strong>antecellentes,</strong></span> <span class='ocrx_word' id='word_1_333' title='bbox 579 4203 615 4255; x_wconf 91' lang='lat' dir='ltr'><strong>ut</strong></span> <span class='ocrx_word' id='word_1_334' title='bbox 629 4201 706 4255; x_wconf 88' lang='lat' dir='ltr'><strong>natu</strong></span> <span class='ocrx_word' id='word_1_335' title='bbox 716 4186 932 4256; x_wconf 79' lang='lat' dir='ltr'><strong>maioresfilii</strong></span> <span class='ocrx_word' id='word_1_336' title='bbox 954 4190 1043 4275; x_wconf 86' lang='lat' dir='ltr'><strong>apud</strong></span> <span class='ocrx_word' id='word_1_337' title='bbox 1061 4187 1209 4256; x_wconf 80' lang='lat' dir='ltr'><strong>Israelitas</strong></span> <span class='ocrx_word' id='word_1_338' title='bbox 1259 4202 1262 4261; x_wconf 72' lang='lat' dir='ltr'><strong>i</strong></span> 
     </span>
    </p>
   </div>
   <div class='ocr_carea' id='block_1_3' title="bbox 0 0 1306 4746">
    <p class='ocr_par' dir='ltr' id='par_1_3' title="bbox 0 0 1306 4746">
     <span class='ocr_line' id='line_1_40' title="bbox 0 0 1306 4746; baseline 0 2"><span class='ocrx_word' id='word_1_339' title='bbox 0 0 1306 4746; x_wconf 95' lang='lat' dir='ltr'><strong> </strong></span> 
     </span>
    </p>
   </div>
  </div>
 </body>
</html>
