2632 4740
404 338 405 343 '
436 343 600 429 Cruor
625 341 698 420 XI.
733 365 770 420 v.
797 352 832 422 4.
1092 298 1167 424 393
1200 395 1203 399 -

102 508 209 575 λαλεῖ.
251 509 356 580 Haeo,
365 506 465 577 lectio
481 512 579 579 otium
604 511 683 578 satis
706 506 906 597 commodum
926 496 1058 577 sensum
1071 517 1168 599 parit,

101 613 253 677 nimirum
267 609 369 683 hunc:
392 609 518 679 Abelus
534 622 610 699 post
626 621 773 690 mortem,
795 608 964 695 perfidem
976 632 1078 695 suam,
1105 634 1168 679 uos
1219 622 1222 629 '

104 712 146 774 ad
160 711 297 778 eandem
308 711 408 779 fidem
424 715 548 784 excitat
565 723 599 777 et
619 711 813 793 cohortatur,
836 733 895 775 suo
923 710 1076 797 exemplo
1088 737 1167 801 mo·

105 825 177 894 net,
204 826 239 878 ut
259 812 394 882 eandem
416 812 568 882 fiduciam
589 814 624 878 iu
647 811 721 877 Deo
743 833 950 896 reponamus.
993 813 1167 883 Praeterea

106 911 185 978 haec
213 913 402 998 metaphora
430 913 508 980 aliis
538 935 666 1000 quoque
698 912 911 998 scriptoribus
929 912 1083 1000 frequens
1105 929 1167 998 est,

110 1009 226 1100 Virgil.
242 1016 326 1079 Aen.
343 1020 373 1098 6,
385 1021 448 1085 ots
462 1037 511 1100 sq.
531 1013 665 1093 Infelix
693 1013 1089 1103 Thereut;·Phlegycrque
1109 1025 1168 1082 ιιι·-
1193 997 1197 1014 ’

113 1122 256 1180 ceruimus
268 1121 368 1180 omnio
383 1116 554 1196 Admonet,
576 1125 610 1180 ct
625 1134 741 1196 magua
761 1122 905 1180 testatur
925 1135 1003 1180 occe
1016 1138 1083 1203 per
1101 1141 1168 1184 υυι-
1269 1103 1274 1108 ’
1309 1144 1313 1154 ·

115 1211 200 1282 ὀτοοε
221 1215 351 1282 Discite
367 1223 521 1282 iustitiam
535 1221 656 1296 moniti,
675 1224 708 1280 et
716 1235 779 1280 οοιι
789 1225 932 1280 temnere
946 1219 1047 1282 divor.
1087 1220 1168 1285 Pin·
1229 1259 1233 1263 -

117 1315 174 1382 lar.
188 1316 281 1399 Pyth.
298 1324 330 1398 2,
344 1323 385 1384 39
397 1339 447 1404 sq.
469 1312 588 1394 Ἰξίονα
602 1337 708 1405 φαντι
727 1314 833 1395 ταῦτα
844 1316 984 1402 βροτοῖς
999 1317 1118 1403 λέγειν,
1132 1320 1169 1388 ἒν

118 1415 279 1503 πτερόεντι
292 1417 398 1506 τροχῷ
415 1417 541 1481 Παυτᾶ
557 1413 804 1500 κυλινδόμενον.
824 1414 995 1484 Demosth.
1011 1440 1039 1483 o.
1050 1412 1169 1486 'Eubu-

113 1513 204 1583 lidem
213 1540 247 1603 p.
259 1523 334 1584 711.
347 1515 528 1581 en'Lamb.
543 1520 572 1596 ξ.
587 1522 640 1581 60.
663 1512 709 1600 ὃς,
723 1518 784 1582 καὶ
800 1518 1062 1604 τετελευτηκώς,
1079 1515 1169 1608 ὅμως
1276 1545 1286 1583 .·

114 1621 273 1706 μαρτυρεῖ
294 1621 365 1694 τοῖς
388 1615 519 1704 ἔργοις,
546 1614 657 1698 αόιήυ
680 1615 808 1697 ταύτην
833 1619 894 1682 καὶ
916 1619 1052 1688 πολῖτιν
1073 1613 1171 1691 εἶναι.

113 1713 352 1805 luoxplioanda
369 1732 478 1782 autem
500 1729 638 1807 utraque
661 1713 814 1799 lectione,
837 1719 995 1807 λαλεῖται
1019 1733 1052 1787 et
1069 1725 1174 1792 λαλεῖ
1275 1733 1279 1742 '

112 1815 147 1881 in
159 1820 303 1884 diversas
315 1832 424 1905 partes
441 1819 658 1883 discesserunt
671 1818 876 1903 interpretes.
914 1817 1084 1908 Nonnulli,
1098 1826 1169 1890 vel-

113 1922 155 1984 ui
176 1920 311 1999 Wolficc
333 1923 367 1985 iu
388 1918 503 1998 Curis,
528 1919 743 2006 Ccrpzoot‘uo,
766 1920 923 1985 λαλεῖται
941 1921 1079 1992 formam
1101 1951 1169 1994 me·

105 2018 192 2090 ,dium
207 2043 281 2087 csse
299 2034 504 2102 censuerunt,
528 2042 609 2107 quae
621 2021 688 2086 vim
705 2021 803 2085 activi
817 2018 937 2086 haheat
954 2022 1064 2105 λαλεῖ,
1084 2049 1169 2094 mor·

117 2131 182 2190 tuus
203 2131 374 2190 etiamnum
387 2143 453 2208 per
468 2121 573 2201 fidem
596 2143 685 2186 ουουι
705 2124 857 2214 loquitor.
900 2121 1065 2189 Refutavit
1086 2127 1170 2196 hano

108 2226 298 2289 seutentiam
313 2225 551 2306 Valckenarius,
562 2223 653 2285 cuius
668 2220 769 2286 verba
784 2222 837 2286 hic
853 2222 1022 2290 adiiciam:
1045 2226 1169 2310 „Saue,

112 2323 222 2413 lnquit,
243 2324 327 2414 ὁρᾷυ
350 2335 383 2391 et
405 2313 573 2410 ὁρᾶσθαι,
600 2322 737 2410 ε’ρευνᾷν
761 2334 794 2386 et
814 2322 1040 2406 ἐρευνᾶσθαι,
1067 2350 1171 2413 pauca

112 2431 205 2493 otiam
218 2426 283 2490 alia
297 2427 479 2513 promiscue
494 2433 701 2509 usurpantur,
719 2422 777 2487 sed
790 2423 851 2486 hoc
865 2424 952 2488 idem
965 2419 1030 2490 non
1045 2426 1085 2491 de
1099 2428 1171 2515 ple·

109 2531 217 2615 risque
239 2527 328 2610 valet
347 2549 379 2589 v.
402 2526 664 2592 Hcmtterlturico
687 2524 730 2587 ad
753 2522 839 2589 Tho.
865 2523 955 2611 Mag.
980 2547 1012 2592 v.
1026 2524 1172 2607 αἰιοσκο-
1296 2533 1300 2546 ’

109 2633 249 2715 ιιοῐιμαι.
277 2627 474 2695 Abreocht‘co
487 2624 615 2691 Diluoo.
630 2623 798 2708 Thucydi.
819 2645 852 2711 P·
867 2632 938 2693 167.
958 2627 1107 2694 Eustath.
1129 2633 1173 2695 ad
1265 2697 1267 2702 ,

106 2729 259 2797 Hom.ll.
283 2726 323 2794 κ’.
345 2732 466 2813 p.727.
481 2731 517 2793 ’7.
545 2733 595 2792 10.
621 2722 664 2809 μ’.
685 2747 718 2812 p.
741 2731 814 2791 859.
843 2732 871 2792 1.
895 2725 943 2817 φ’.
959 2750 991 2812 p.
1010 2735 1170 2796 130615.
1263 2781 1268 2795 .

105 2830 274 2916 Aristoph.
296 2827 495 2914 Thesmoph.
515 2832 588 2893 585.
610 2825 668 2889 ubi
686 2820 825 2912 πρᾶγμα
845 2839 1041 2892 memoratur
1067 2828 1170 2922 ὀλίγῳ
1224 2900 1228 2911 s

106 2957 141 3002 τι
158 2931 325 3020 πρότερον
336 2929 409 2996 κατ’
425 2927 555 3016 α’γοροὶυ
569 2924 780 3011 λαλούμενον
798 2948 853 2993 reo
867 2927 946 3013 (non
964 2950 1046 3015 quoe
1064 2928 1172 3020 loqui·
1248 2926 1251 2931 ’

105 3049 172 3118 tur,
195 3035 267 3120 sed)
290 3041 442 3121 quaeest
462 3038 496 3095 ιἰι
520 3049 577 3094 ore
595 3035 681 3092 οιιιοι·
694 3030 833 3114 populo,
853 3040 889 3090 ut
912 3030 960 3091 ait
984 3028 1171 3098 Terentius.

106 3137 176 3204 Hic
200 3133 294 3200 locus
320 3133 440 3197 erroris
463 3130 626 3208 convincit
654 3127 817 3205 Wolfium.
864 3125 966 3192 Recto
989 3129 1171 3216 naugerio,

109 3234 337 3308 Gricobacltt'cc
353 3232 564 3297 defenderunt
577 3229 686 3309 λαλεῖ,
709 3235 806 3293 ctiam
826 3240 969 3296 υιονιιαιο
986 3230 1107 3298 Ateus
1121 3227 1173 3300 lo-

107 3343 228 3426 quitur,
251 3347 284 3400 et
308 3334 458 3398 admonet
476 3325 641 3410 mortales,
662 3340 699 3391 ut
722 3346 813 3412 spem
825 3328 860 3393 iu
875 3327 948 3395 Deo
965 3327 1106 3398 habeant
1120 3360 1173 3401 re-

106 3439 260 3526 positam.
302 3432 394 3501 Nihil
426 3433 532 3518 aptius
551 3432 688 3515 scriptor
714 3430 820 3493 dicero
841 3424 981 3517 potuit.“
1022 3432 1092 3498 Alii
1113 3437 1173 3500 λα-

108 3538 254 3604 λεῖσθαι
277 3536 409 3621 passivo
433 3552 531 3597 sensu
553 3541 696 3610 sumunt,
725 3536 760 3594 ιἰι
780 3552 837 3596 ore
857 3532 979 3610 fertur
1005 3533 1172 3619 lominum,

108 3627 297 3705 celebratur
312 3634 593 3722 (Chrysostomust
616 3628 713 3718 πυροὶ
728 3626 865 3696 πάντων
880 3626 1100 3718 θαυμάζεται
1114 3639 1174 3702 καὶ
1236 3680 1238 3685 -

106 3733 351 3826 μαλαρίζεται.
394 3733 636 3822 Theodoretus:
659 3728 894 3822 εὕφημεῐτοι);
910 3732 1043 3798 laudant
1057 3731 1174 3802 Matth'.

110 3844 238 3920 2613.
279 3836 451 3902 Atuouue
471 3832 553 3898 haec
574 3831 647 3899 laus
673 3834 771 3896 otiam
791 3830 945 3916 Noacho‚
976 3833 1174 3917 Abrahamo,

109 3939 253 4026 aliisque
267 3935 299 4000 h.
318 3933 341 4000 l.
364 3937 552 4003 memoratis
575 3935 648 4020 pari
670 3937 740 3998 iuro
763 3935 915 4019 contigitl
938 3931 1078 4023 Grauior
1100 3957 1175 3999 sen·

109 4041 218 4106 tentia
235 4035 393 4126 procedit,
422 4038 452 4102 si
469 4033 571 4127 verba
590 4036 653 4100 hoo
676 4053 775 4099 seusu
797 4036 1012 4120 accipiuntur:
1036 4033 1174 4117 Abalus,

111 4150 343 4230 protomartyr,
364 4160 424 4225 por
439 4136 537 4204 fidem
552 4151 642 4201 suam
663 4128 815 4223 exemplo
837 4145 897 4215 est,
920 4132 1117 4223 eandemque
1135 4135 1175 4202 fi:

113 4245 190 4309 dem
204 4238 303 4307 nohis
325 4237 535 4322 commendat,
557 4237 662 4306 λαλεῖ.
704 4235 773 4304 Alii
787 4235 941 4322 deniquo:
963 4234 1065 4308 verbo
1078 4235 1188 4303 λαλεῖ-
