2604 4746
381 105 537 224 Curu'r
563 105 682 181 Vlll.
720 108 943 216 v..10.11.x
1067 40 1079 65 l
1116 50 1189 188 275

73 292 103 333 ιι.
152 291 201 339 erc.
219 269 500 354 attulisses.
528 271 655 339 Audiat
675 286 793 343 uuerco
809 293 873 337 κον
891 284 979 346 meus
998 292 1079 341 oure
1102 279 1190 343 deur.

78 397 88 450 ,ι
149 368 367 463 Virg.Aen.'2‚
383 372 631 439 atravatrum
649 379 793 439 immixti
807 373 938 438 Danais
956 373 1045 440 Ιινιιώ
1063 385 1189 441 nomene

93 520 100 533 r
147 485 242 538 rostro.
266 473 363 537 σώτοὶ
379 469 515 536 ἔσονταί
530 476 587 554 μοι
605 466 651 546 ric
670 471 758 536 λαόν
771 495 821 536 me
842 471 949 537 Deum
971 491 1063 538 suum
1087 497 1188 561 agno·

73 595 98 632 ur
145 586 211 638 ruent
235 585 267 636 et
285 577 341 659 'pio
365 570 480 634 colent.
504 566 551 646 εἰς
575 573 660 637 &etv
679 573 743 634 vid.
760 586 825 636 not.
840 575 881 636 ad
899 581 927 652 1,
944 578 974 636 5.
1021 575 1187 640 Sententia

77 674 85 686 ”
141 678 191 760 ipsa
203 675 233 737 h.
249 672 275 737 l.
287 694 448 758 expressa
469 671 601 758 saepius
619 677 652 736 in
677 672 782 749 literis
804 676 905 737 sacris
920 677 1055 736 recurrit
1069 696 1100 736 v.
1118 676 1184 740 Ex.

81 780 83 786 ’
141 781 159 856 t,
171 781 197 840 7.
225 774 372 853 Leuso,
391 780 440 837 12.
470 774 529 835 En.
547 780 597 853 11,
613 779 665 838 20.
695 772 793 836 Zach.
815 780 865 857 13,
883 780 913 838 9.
944 773 1056 837 2Cor.
1079 781 1109 855 6,
1132 782 1182 840 16.

83 875 85 888 ²
139 876 318 941 inversione
339 873 562 937 Alexandrina
581 874 644 938 Ier.
659 872 681 937 l·
695 870 722 957 l.¹
732 872 866 959 legitur:
891 857 949 938 κιιὶ
973 870 1104 959 ὄψομαι
1125 860 1183 940 νώ-

73 976 76 987 ’
138 976 202 1056 coir,
225 973 283 1039 καὶ
297 970 419 1058 ἔσομαι
430 970 541 1046 αὐτοῖς
556 969 606 1048 εἰς
623 973 707 1055 (νεών
725 997 756 1042 κ.
772 997 799 1037 τ.
817 977 848 1040 λ.

78 1131 81 1136 .
197 1084 248 1141 11.
271 1075 348 1142 Nou
368 1091 450 1158 opus
470 1077 531 1137 erit
552 1086 587 1136 ut
616 1073 699 1138 alter
726 1073 862 1138 alterum
887 1088 1035 1154 moneat,
1067 1091 1179 1142 omnes

73 1203 76 1206 ⁴
134 1189 225 1262 sponte
239 1200 291 1240 me
309 1185 504 1260 cognoscent
516 1186 549 1238 et
560 1172 681 1237 colent.
704 1175 758 1238 Ex
772 1187 877 1238 mente
892 1177 1061 1259 scriptoris
1075 1180 1179 1241 nostri

133 1279 214 1342 uerba
240 1278 398 1341 Ieremias
419 1297 500 1360 quae
527 1275 580 1338 hic
603 1276 783 1340 versiculus
816 1278 975 1356 continet,
1006 1277 1178 1341 referenda

73 1434 76 1444 ,
102 1410 105 1415 ·
132 1393 188 1441 sunt
203 1377 244 1441 ad
260 1368 455 1439 christianos
469 1376 524 1460 qui
542 1372 595 1438 vel
617 1375 728 1452 ludaei
749 1374 803 1441 vol
828 1376 968 1461 gentiles
991 1389 1085 1441 autea
1106 1378 1177 1443 fue·

130 1492 205 1542 rant·
235 1478 301 1540 Pro
316 1471 456 1554 πλησίον
475 1479 509 1538 iu
521 1472 668 1560 pluribus
687 1477 778 1540 codd.
793 1481 947 1563 scriptum
961 1490 1010 1541 est
1022 1478 1174 1564 πολίτην,

129 1579 207 1666 quam
236 1576 412 1658 lectionem
445 1561 686 1655 Griesduclu'uc,
724 1578 945 1659 Mottbuec'ur,
988 1579 1173 1662 Κννγηνίνν,

73 1706 76 1708 ·
130 1679 264 1744 dulcitur
280 1688 313 1739 et
333 1678 469 1741 Valerus
489 1677 523 1739 in
544 1675 688 1738 ordinem
704 1689 903 1764 receperunt.
947 1677 1006 1740 Est
1019 1697 1097 1747 sano
1114 1704 1173 1743 πο-

74 1822 78 1827 ·
126 1778 206 1861 λίιην
222 1776 416 1842 insolentior
430 1774 539 1856 lectio,
561 1775 778 1853 Alexandrini
799 1782 883 1842 enim
903 1780 1097 1863 interpretes
1115 1801 1173 1842 vo·

125 1879 257 1942 rabulum
269 1888 307 1963 2]
322 1877 406 1962 quod
421 1875 486 1940 Ier.
501 1884 552 1956 31,
571 1885 623 1942 34.
643 1880 678 1940 iu
696 1890 789 1942 textu
806 1878 969 1942 Hebraico
986 1890 1085 1958 extat,
1100 1891 1171 1947 tan·
1207 1906 1209 1913 ⁸

125 1991 174 2042 tum
189 1979 253 2042 Ier.
273 1976 297 2039 l.
318 1975 341 2040 l.
363 1989 395 2042 et
413 1983 465 2058 29,
490 1984 541 2042 23.
570 1977 667 2040 Ριονι
684 1986 737 2061 11,
754 1986 784 2043 9.
821 1985 872 2058 24,
889 1985 940 2042 28.
963 1963 1171 2043 reddiderunt

124 2099 185 2143 nce
199 2074 349 2160 πολίτης,
369 2089 404 2140 ut
419 2078 500 2141 udeo
514 2075 657 2155 πλησίον
675 2078 963 2143 Grammaticorum
977 2083 1170 2164 interpreta-

108 2194 244 2245 'neutum
257 2180 416 2243 videatur.
438 2176 553 2263 Neque
568 2190 675 2242 tamen
689 2179 833 2265 vulgaris
846 2179 946 2244 lectio
963 2191 1169 2250 contemnen-

123 2281 158 2362 dr,
176 2281 362 2345 memoriter
383 2274 467 2344 enim
488 2279 626 2363 scriptor
650 2278 756 2343 locum
776 2280 935 2345 Ieremias
957 2279 1112 2360 laudavit,
1137 2293 1169 2345 et

123 2385 246 2460 ιολίτην
262 2402 280 2444 e
295 2381 443 2463 versione
460 2377 684 2444 Alexandrina
704 2382 739 2444 in
753 2382 836 2445 hunc
850 2380 957 2444 locum
976 2382 1167 2447 transscribi

73 2542 75 2546 .
120 2486 223 2566 potuit,
255 2503 355 2568 quare
383 2495 415 2543 et
448 2479 601 2559 Wolfium
636 2479 847 2566 Curpzooius,
883 2483 1170 2564 Moldenltauerur,

125 2581 355 2661 Valckenarius,
400 2578 572 2644 lectionem
602 2576 743 2658 πλησίον
775 2583 975 2647 retinendam
1005 2591 1165 2667 putarunt.

122 2679 251 2748 Verbum
272 2680 448 2749 διδάσκειν
469 2681 554 2766 qnod
578 2679 759 2764 explicatur
781 2681 891 2746 verbis
914 2683 1032 2764 λέγων·
1056 2684 1166 2761 γνῶθι

121 2781 163 2848 uir
176 2782 304 2870 κύριον,
323 2781 355 2844 h.
372 2779 395 2844 l.
411 2791 500 2844 notat
515 2803 650 2859 mouere,
673 2794 708 2843 nt
720 2782 811 2847 Rom.
830 2790 861 2861 2,
875 2789 927 2845 21.
950 2782 1164 2866 Ioseph.Ant.-

121 2887 198 2962 1,11.
215 2891 245 2947 1.
267 2878 480 2956 διδάσκοντες
497 2879 557 2945 τόν
577 2871 719 2964 βασιλέα
737 2884 811 2970 περὶ
830 2881 890 2959 τῆς
910 2885 1044 2967 σφαγῆς
1057 2886 1164 2950 udmo-
1238 2930 1243 2942 ,

120 2995 210 3050 untes
222 3004 341 3066 regem,
367 2986 505 3047 utillum
519 2986 687 3049 occideret.
710 2982 886 3063 γινώσκειν
905 2981 1084 3066 significate
1104 3009 1163 3063 co·
1224 3044 1225 3047 ,

120 3103 256 3166 gnoscere
272 3082 377 3171 qualis
395 3085 437 3152 sit
449 3082 579 3170 aliquis,
592 3100 758 3171 quaenam
772 3085 841 3151 eius
856 3082 1017 3164 voluntas,
1043 3097 1075 3148 et
1090 3090 1161 3166 ani·

120 3201 185 3249 num
207 3197 303 3270 atque
325 3185 425 3248 vitam
447 3186 488 3247 ad
510 3184 594 3247 hano
618 3184 834 3269 cognitionem
857 3186 1101 3250 accommodare
1126 3200 1162 3249 ut
1254 3175 1257 3179 ⁴

119 3279 170 3350 loh.
185 3283 236 3366 17,
252 3291 285 3350 3.
306 3282 363 3348 ubi
376 3306 407 3346 v.
422 3295 489 3347 not.
504 3289 534 3364 8,
553 3290 603 3350 55.
649 3284 762 3371 Itaque
786 3282 945 3349 formulae
970 3288 1079 3368 γνῶθι
1102 3288 1162 3354 τών
1249 3303 1255 3314 “

120 3382 213 3472 κύριον
240 3402 356 3451 sensus
371 3398 433 3449 ¹est
451 3386 483 3449 h.
501 3384 525 3448 l.
547 3397 580 3449 et
599 3385 664 3449 ler.
682 3383 704 3448 l.
721 3384 745 3448 1.
764 3405 925 3469 cognosce
941 3386 1064 3467 Iouam,
1087 3392 1160 3472 quis

119 3483 156 3564 tit,
176 3506 249 3549 eum
263 3507 338 3550 esse
352 3509 451 3552 unruu
466 3500 580 3553 verum
592 3485 711 3565 Deum,
725 3506 884 3572 quaenam
901 3490 943 3550 sit
957 3491 1027 3550 eius
1043 3487 1160 3551 voluu-

117 3591 161 3665 tas,
180 3587 257 3672 quid
275 3589 307 3650 ei
326 3584 465 3667 debeaS‚
489 3608 626 3672 eumque
648 3585 731 3667 cole,
758 3585 916 3649 voluntati
933 3588 1037 3671 ipsius
1058 3587 1167 3655 obse-.

116 3703 207 3767 queres
250 3674 396 3761 Verbum
419 3682 546 3752 εἰδέναι
565 3688 598 3751 h.
619 3686 642 3749 l.
664 3688 750 3751 idem
769 3685 857 3749 valet
880 3685 965 3770 quod
984 3686 1158 3769 γινώσκειν

114 3783 243 3866 (Suidasz
265 3778 416 3873 είώιψώ
439 3785 601 3872 γινώσκω)
620 3793 807 3872 agnoscere,
831 3807 1026 3871 cognoscere
1048 3786 1157 3854 Deum

113 3885 271 3967 oculere,
297 3890 430 3975 eiusque
451 3888 649 3967 voluntatem
667 3893 770 3975 sequi,
786 3901 821 3972 ut
833 3886 952 3972 legitur
967 3886 1036 3949 loh.
1054 3894 1085 3967 8,
1102 3893 1154 3952 55.

111 3983 172 4052 coll.
187 3994 285 4075 νι29.
300 3997 325 4061 ,1
341 3988 460 4057 Thess.
474 4000 507 4073 4,
522 3997 551 4059 5.
581 3987 732 4057 2Thess.
749 4000 778 4074 1,
795 3997 824 4056 8.
846 3987 968 4065 πάντες
986 3985 1156 4068 ιὶὸησουσί

571 4103 574 4108 ·
809 4118 811 4121 ·
839 4089 862 4153 S
886 4097 905 4154 2
