2632 4740
454 285 616 439 Cnrur
642 324 685 399 V.
721 342 764 396 v.
786 330 820 408 5.
849 380 851 386 >
1090 333 1161 402 153
1232 294 1237 309 ¹
1292 281 1295 286 Ι

129 490 262 570 Quaestio
274 490 440 557 Posterior
452 493 544 556 1815.
558 497 591 555 4.
625 486 695 554 Nos
707 491 899 575 praecipuas
916 487 1161 555 sententias-re-

97 578 99 587 *
125 596 273 659 censuisse
291 591 586 657 sadshabebimus:
615 590 647 675 1)
661 588 766 670 Besa,
787 592 957 671 Peccator,
978 589 1051 672 alii,
1070 592 1106 654 in
1120 613 1162 655 ea

121 694 234 758 luerunt
260 695 434 773 sententia,
475 703 512 754 ut
538 689 720 771 crederent,
749 690 860 755 verbis
887 711 1003 755 versus
1030 694 1161 777 septimi

119 792 228 859 Psalmi
240 792 373 858 secundi
383 790 523 856 laudatis
550 790 721 876 cogitando
737 791 917 856 adiicienda
930 798 1004 857 esse
1021 815 1160 880 eaquae

118 890 244 969 itate-v.
260 901 292 960 8.
311 898 501 979 sequuntur:
517 894 649 981 portula
662 915 684 957 a
698 913 746 956 me
761 904 822 958 etc.
836 914 908 957 cum
924 896 1042 957 summi
1053 895 1160 978 ponti·
1210 962 1214 969 ,
1253 907 1257 918 ·

114 992 247 1089 tassio,
265 1005 377 1081 petere
391 1013 411 1056 a
425 991 509 1074 Deo,
528 1017 610 1082 quae
624 993 736 1082 populi
750 992 886 1057 salutem
899 1003 1054 1079 spectent.
1094 992 1162 1058 Sed

118 1095 320 1162 nt-Gadleror
333 1092 435 1178 probe
450 1097 590 1177 monuit,
619 1090 810 1183 quamquam
823 1091 992 1180 Apostolis
1006 1092 1161 1179 frequens

118 1208 184 1278 est,
208 1194 427 1260 Rabbinorum
447 1217 557 1275 more,
582 1198 741 1282 integrum
762 1195 903 1284 aliquem
922 1194 967 1260 V.
990 1193 1033 1260 T.
1053 1194 1162 1259 locum

118 1293 257 1378 laudare,
280 1294 406 1360 etiamsi
420 1318 535 1361 caussa
548 1295 753 1383 allegationis
764 1299 799 1361 in
814 1296 921 1383 aliqua
935 1308 1059 1362 tantum
1071 1295 1162 1360 illius
1266 1378 1270 1386 Ι

118 1409 197 1482 parte
220 1398 313 1476 insit,
353 1396 515 1481 nunquam
535 1408 642 1461 tamen
666 1408 854 1483 argumenta
876 1407 989 1482 petunt
1012 1417 1058 1460 ex
1078 1394 1162 1459 locis

120 1496 203 1581 plane
223 1496 373 1578 omissis,
398 1517 460 1562 nec
478 1496 551 1562 loca
567 1497 612 1563 V.
628 1496 671 1563 Τ.
692 1497 849 1584 allegant,
877 1496 993 1584 quibus
1015 1498 1067 1560 vis
1084 1517 1162 1581 pso,-

121 1595 206 1661 bandi
219 1595 310 1661 nulla
320 1598 424 1678 inest,
448 1610 581 1684 propter
596 1597 701 1665 solum
716 1620 836 1663 nexum
851 1619 922 1665 cum
941 1595 1161 1684 sequentibus,
1220 1656 1223 1670 ,

124 1699 228 1786 iisque,
251 1697 314 1762 etsi
330 1697 372 1761 ad
384 1719 454 1764 rem
470 1698 668 1783 probandam
679 1703 821 1765 maxime
836 1699 970 1780 faciant,
992 1693 1095 1763 nihilo
1108 1721 1161 1764 se-

125 1803 177 1865 cius
201 1818 336 1887 prorsus
361 1788 535 1884 neglectis,
567 1800 657 1886 quod
681 1813 714 1864 et
736 1803 866 1865 omnino
890 1797 1048 1864 absonum·
1064 1782 1161 1863 foret.
1261 1778 1288 1827 ‘¹

126 1897 234 1978 Quodsi
255 1921 333 1986 ergo
348 1911 464 1963 ⁴auctor
479 1905 532 1983 ep.
548 1921 678 1966 causam
691 1903 740 1964 rei
752 1898 939 1985 probandae
955 1902 990 1965 in
1003 1899 1059 1964 Ps.
1076 1907 1107 1980 2,
1129 1907 1161 1964 8.

97 2006 99 2067 1
125 2002 340 2087 quaesivisset,
357 2040 362 2052 ·
381 1999 579 2086 allegaturus
609 2000 738 2088 quidem
770 2001 887 2065 fuisset
913 2020 1020 2065 nexus
1040 2001 1162 2070 'caussa

126 2120 236 2168 versum
255 2100 512 2188 praecedentem,
534 2101 593 2164 sed
614 2098 710 2170 sunm
729 2099 905 2166 addidisset
918 2122 949 2164 v.
963 2104 993 2165 8.
1007 2101 1093 2165 unde
1111 2123 1163 2165 ar·
1224 2095 1227 2099 ’

126 2215 290 2286 minentem
304 2202 354 2266 rei
368 2212 505 2287 peteret.
532 2201 566 2284 2)
583 2200 817 2280 Hammoodot,
837 2198 1072 2282 Irimdorcltt'ur,
1094 2203 1163 2267 Mi-

99 2324 103 2335 ·
127 2301 242 2384 cloelis,
255 2351 258 2356 -
273 2300 438 2383 Storrt'tts,
466 2300 704 2381 Heinriodoinr,
732 2298 897 2381 demt‘or,
926 2297 968 2364 al.
989 2299 1163 2366 verborum

127 2402 345 2468 cohaerentiam
358 2405 402 2466 ita
421 2404 634 2472 constituunt:
657 2400 714 2466 ille
736 2401 822 2467 idem
837 2399 941 2481 Deus,
963 2400 1019 2487 qui
1037 2397 1163 2484 regiain
1192 2433 1200 2450 ·

127 2500 294 2589 dignitatem
310 2503 387 2569 Iesu
410 2503 540 2570 Christo
559 2514 711 2589 tanquam
732 2500 878 2586 Messiae
901 2500 1033 2565 contulit
1051 2499 1163 2564 verbis

125 2602 177 2681 vide
187 2601 452 2691 μου-γεγέννηκά
466 2626 521 2685 σε,
542 2603 679 2668 eundem
694 2625 819 2690 quoque
834 2599 996 2666 ebnstituit
1010 2604 1162 2669 socerdo-

125 2707 304 2791 impariter
321 2726 359 2770 ao
370 2704 513 2793 reliquos
527 2703 711 2769 sacerdotes
729 2703 782 2770 his
794 2702 905 2767 verbis
918 2700 960 2769 od
973 2703 1079 2790 ἱερεύς
1089 2725 1121 2767 κ.
1130 2726 1161 2767 τ.
1206 2710 1210 2719 “

111 2794 304 2899 'illidendos
321 2805 422 2870 verba
433 2825 466 2871 v.
479 2811 511 2871 6.
527 2804 640 2870 vertit:
662 2812 745 2874 sicot
759 2805 931 2890 (similiter)
951 2805 1031 2871 olido·
1041 2826 1163 2891 quoque

126 2901 207 2985 (idem
221 2904 327 2992 Deus)
347 2908 425 2973 dicit
431 2931 442 2983 ,·
471 2906 630 2992 explicat:
651 2926 726 2970 nam
742 2905 829 2970 idem
847 2905 917 2992 (illa
934 2904 1074 2989 locutus)
1096 2904 1162 2968 nlio

97 3054 99 3065 .
125 3021 235 3094 quoque
249 3010 428 3092 scripturae
444 3006 516 3072 loco
529 3007 610 3071 haec
625 3009 656 3071 ei
670 3005 746 3070 dicit
761 3018 821 3069 etc.
852 3004 917 3068 His
930 3003 1164 3091 interpretibus

128 3104 270 3174 cotem
295 3105 385 3170 Diss.
409 3112 440 3170 2.
466 3128 500 3193 p.
518 3115 551 3172 4.
578 3102 729 3191 opposuit
756 3106 904 3190 inprimis
924 3105 1001 3170 boc:
1031 3108 1060 3171 si
1080 3105 1164 3169 haec

126 3203 224 3275 luisset
235 3228 328 3274 mens
342 3209 522 3293 scriptoris,
545 3205 799 3288 alterutrorum,
813 3217 971 3270 structura
985 3228 1063 3272 usus
1081 3207 1163 3271 iuis·

128 3321 180 3391 ret,
215 3310 300 3374 hunc
318 3307 389 3372 fere
413 3310 447 3372 in
466 3310 610 3373 modum:
644 3305 723 3373 ἀλλ’
745 3304 765 3374 ὁ
786 3305 936 3386 λαλήσας
954 3307 1038 3396 πρὸς
1058 3305 1164 3374 αὐτόν

127 3401 290 3485 υἱός-οὗτος
311 3407 397 3494 (loco
411 3408 541 3495 καθώς)
556 3409 612 3472 καὶ
625 3406 662 3473 ἐν
673 3405 773 3496 ἑτέρῳ
794 3406 883 3489 λέγει
897 3427 928 3471 κ.
944 3431 975 3479 τ.
988 3409 1017 3474 λ.
1040 3409 1073 3494 3>
1086 3410 1164 3474 Mo·

127 3510 609 3591 ro,1tcreonulterur,13aoerm
620 3512 656 3574 in
668 3509 793 3594 Logica
803 3505 941 3572 Paulina
953 3531 986 3594 p.
999 3515 1063 3590 60,
1080 3510 1164 3576 Dio-

129 3607 231 3688 dorfior
254 3611 301 3696 (p.
319 3609 404 3694 382.)
424 3610 631 3691 contendunt,
656 3607 758 3674 verba
777 3629 808 3673 v.
822 3612 853 3674 5.
872 3605 980 3673 a’tt’d
997 3607 1165 3688 λαλήσας-

97 3712 100 3791 2
129 3708 296 3792 γεγέννηκά
316 3731 370 3789 σε,
400 3708 503 3773 solam
521 3709 604 3792 Dei,
633 3721 786 3795 tanquam
808 3711 912 3795 patris
931 3709 958 3775 l.
976 3710 1014 3774 C.
1042 3709 1165 3774 descri-

97 3808 99 3849 ἓ
128 3810 250 3887 pionem
263 3805 438 3891 continere,
454 3832 514 3875 nec
525 3811 728 3877 referendum
742 3831 815 3874 esse
828 3810 885 3876 Ps.
900 3819 932 3891 2,-
947 3815 978 3874 7.
996 3810 1163 3875 eoonsilio
1252 3840 1265 3900 j

131 3912 275 3996 ttriptoris
292 3910 333 3975 ad
345 3911 564 3996 pontificatum
579 3935 599 3976 a
610 3910 684 3976 Deo
699 3909 829 3974 Christo
844 3910 1013 3989 collatum,
1039 3910 1097 3974 sed
1111 3934 1164 3975 re-

132 4013 243 4087 petiisse
257 4023 400 4100 nostrum
414 4011 514 4076 verbe
530 4010 668 4092 Psalmi,
689 4022 725 4074 ut
741 4013 926 4082 ostenderet
940 4009 1113 4074 Christum
1122 4011 1163 4075 ab

136 4112 220 4176 todem
235 4124 382 4179 occatum
393 4135 463 4178 etse
477 4113 518 4175 ad
530 4110 768 4197 pontificatum,
789 4136 811 4203 ᾳ
831 4134 890 4197 poe
910 4121 994 4176 estet
1007 4131 1072 4196 pro
1085 4111 1163 4188 filio
1234 4152 1241 4170 .

137 4205 177 4270 Vll
190 4214 304 4280 summo
325 4232 402 4302 rege
417 4215 703 4294 declaratttwuuo
716 4211 833 4303 verb'o,
856 4234 876 4275 a
889 4212 997 4293 Patre.
1040 4209 1163 4295 Verum
