2632 4740
323 282 325 286 ’
426 276 691 358 9166111.
727 305 764 359 v.
792 230 875 360 ds
1006 356 1008 362 ,
1057 288 1061 295 ’
1119 288 1167 360 57

118 437 311 533 ἅνθρωπος,
329 441 387 514 ὅτι
404 443 574 541 μιμνήσκῃ
586 447 692 516 αὐτοῦ
708 469 736 514 κ.
751 471 781 514 τ.
801 447 845 536 t]
868 453 1006 537 qcantm
1017 458 1066 517 eet
1078 449 1168 517 domo

119 553 195 613 tabe
208 551 412 617 minente?
432 559 569 636 quantus
581 549 703 616 6616166
714 561 821 631 umus,
837 557 1096 642 attestationem
1110 553 1168 620 lut·
1232 558 1234 564 ’

120 643 199 712 leus!
210 646 365 734 Plerique
371 651 570 736 interprete
582 650 663 716 haec
672 651 774 715 verba
786 649 962 737 explicant:
977 675 1072 739 quam
1079 652 1168 734 vilis,

122 767 323 834 qnamparnm
332 750 448 836 dignus
458 751 625 832 estbomo,
633 753 725 816 cuius
734 753 781 815 ita
790 751 983 832 recorderis,
992 774 1086 839 quem
1097 764 1168 816 tan·
1275 772 1278 777 ⁴

122 846 261 914 tolavoro
273 855 498 939 prosequaris.
520 854 700 918 Provocant
712 852 795 918 banc
806 855 841 917 in
852 873 921 917 rem
934 851 976 915 ad
989 851 1042 915 Ps.
1054 859 1125 934 144,
1136 860 1168 918 3.

124 944 166 1008 ubi
178 949 292 1014 eadem
305 952 377 1016 fere
387 953 489 1020 verba
503 953 666 1040 leguntur,
689 975 794 1041 neque
808 954 922 1039 negari
935 963 1053 1037 potest,
1070 975 1110 1018 ea
1119 951 1169 1017 ibi

124 1045 155 1110 dc
166 1048 224 1114 vili
237 1051 380 1118 bominis
392 1055 577 1119 conditione
589 1053 799 1145 intelligenda
811 1074 896 1134 esse,
918 1051 981 1116 boc
995 1054 1081 1116 enim
1096 1075 1169 1118 ora-

123 1148 205 1216 tionis
219 1155 326 1217 series
339 1152 527 1239 planissime
540 1154 644 1220 docet.
664 1155 771 1219 Etiam
784 1152 890 1234 Hebr,
900 1163 951 1220 m
966 1153 1080 1217 eodem
1095 1175 1169 1218 sen·
1275 1169 1279 1178 ‘

125 1267 155 1312 su
165 1251 340 1318 adhibitum
354 1253 473 1338 legitur
488 1256 544 1320 Ps.
557 1261 608 1336 39,
624 1261 654 1320 5.
677 1265 717 1321 ’tn
733 1262 753 1320 2
766 1255 899 1337 Sam-7,
913 1261 964 1318 18.
987 1259 1004 1316 1
1019 1252 1106 1318 Sam.
1116 1262 1168 1336 24,

126 1354 165 1415 15.
187 1363 220 1416 et
239 1353 296 1418 Gr.
314 1349 363 1430 τίς
376 1355 440 1419 sir.
454 1360 505 1436 16,
521 1361 571 1421 17.
600 1355 730 1421 Pindar.
744 1356 835 1440 Pyth.
848 1364 879 1437 8,
900 1361 972 1422 135.
996 1348 1028 1419 τί
1045 1353 1170 1435 atat&
1197 1424 1203 1439 ⁸

122 1450 151 1515 τί
163 1450 191 1518 δ’
202 1448 308 1534 odrae·
328 1457 425 1531 σκιᾶς
437 1451 520 1542 ὄναρ
533 1451 722 1542 ἄνθρωποι.
758 1457 825 1522 Sed
838 1453 1032 1521 voc'abulum
1047 1465 1099 1522 nb
1111 1455 1170 1520 ha·

125 1547 169 1614 bet
184 1548 282 1620 etiam
300 1557 368 1620 vim
386 1556 571 1638 exaltandi,
595 1569 630 1620 nt
651 1556 864 1633 Grammatici
876 1554 1050 1645 loquuntur
1067 1578 1099 1622 v.
1113 1557 1169 1620 Ps.
1244 1642 1246 1647 Ι

126 1657 252 1734 139,17.
277 1655 470 1737 Μ61.1,13.
498 1668 533 1720 ut
549 1653 601 1734 τ’ἰς
621 1657 694 1723 Gal.
707 1667 739 1741 4,
755 1663 806 1723 15.
835 1655 916 1721 Luc.
942 1664 971 1741 1,
990 1661 1042 1721 66.
1073 1668 1170 1743 atque
1189 1661 1190 1665 ’

125 1751 192 1820 hanc
209 1758 277 1822 vim
293 1759 327 1823 ei
346 1759 443 1821 etiam
459 1758 515 1822 Ps.
529 1763 559 1823 8.
578 1770 611 1822 et
630 1771 742 1824 nostro
763 1750 838 1822 loco
860 1757 1064 1823 tribuendam
1082 1780 1170 1839 esse,
1265 1807 1268 1813 -

84 1898 90 1907 ·
126 1868 202 1921 sonte
215 1855 364 1930 nonnulli
377 1859 569 1944 interpretes
584 1859 743 1923 viderunt.
787 1858 916 1923 Etenim
934 1880 1106 1945 nonquam
1120 1862 1170 1923 vi-

124 1953 220 2023 lisres
239 1960 285 2023 sit
295 1959 403 2038 homo,
425 1959 484 2022 sed
497 1979 592 2044 quam
604 1957 772 2024 excellens
785 1961 828 2024 sit
841 1960 885 2040 is,
908 1951 949 2024 de
972 1982 1035 2046 quo
1054 1962 1170 2025 uatici-

124 2059 198 2139 nium
212 2071 299 2145 agat,
318 2059 464 2125 conditor
475 2060 571 2124 buius
585 2056 742 2143 epistolae
756 2060 929 2124 ostendere
945 2063 1062 2125 studet.
1084 2062 1172 2126 Con·

123 2157 215 2223 firmat
226 2162 324 2224 etiam
338 2159 421 2229 hanc
433 2160 733 2248 interpretationem
746 2158 798 2222 Pr.
813 2166 885 2241 144,
900 2166 931 2225 3.
974 2160 1060 2226 Nam
1074 2174 1110 2224 ut
1122 2161 1172 2226 ibi

124 2255 256 2325 Davides
268 2271 409 2326 mentem
423 2280 515 2324 suam
528 2259 708 2323 aceruatius
723 2257 888 2344 explanat,
903 2272 936 2325 et
948 2262 1107 2333 rationem
1122 2262 1172 2325 af·
1271 2257 1275 2262 ’

125 2357 185 2442 lert,
202 2383 259 2426 cur
271 2360 418 2424 homines
431 2372 552 2425 tantam
564 2358 630 2424 Dei
646 2358 877 2446 benignitatem
895 2382 961 2424 non
976 2374 1178 2450 mereantur,

75 2528 77 2543 Ι
125 2458 264 2524 itaetiam
279 2460 333 2524 Ps.
347 2467 378 2525 8.
392 2460 565 2526 verborum
582 2482 712 2527 suornm
727 2483 858 2526 sensnm
870 2460 1004 2527 uberius
1022 2463 1171 2548 exponit,

75 2572 77 2579 '
127 2568 189 2622 etr.
203 2565 234 2624 6.
247 2560 387 2642 addit‚e
403 2556 626 2650 qno'inprimis
649 2563 835 2649 magnitudo
855 2560 914 2627 illa
927 2574 959 2627 et
973 2568 1172 2648 praestantia

126 2657 249 2728 hominis
268 2673 432 2748 appareat.
474 2662 587 2751 Itaque
610 2662 712 2728 uerba
731 2664 889 2728 vertenda
911 2676 998 2747 sumt:
1022 2677 1171 2751 quantus,

127 2781 207 2845 qnam
217 2774 388 2849 praestans
401 2775 450 2827 est
463 2764 571 2828 homo.
619 2763 767 2829 Verbum
779 2757 925 2829 Medium
936 2761 1173 2850 μιμνήσκομαι
1275 2765 1277 2769 ’

128 2860 287 2945 significat:
309 2861 416 2930 stds‘in
429 2876 562 2932 mentem
573 2873 729 2932 revocure
741 2866 764 2928 i.
776 2889 806 2930 e.
821 2887 996 2931 memorem
1008 2886 1095 2945 esse,
1118 2888 1172 2929 re-

128 2963 239 3029 cordari
253 2987 287 3029 v.
301 2969 471 3049 Dresige'us
487 2969 526 3031 de
542 2967 586 3032 V.
600 2965 647 3031 M.
664 2989 698 3052 p.
711 2973 784 3032 348.
828 2966 895 3030 Sed
907 2965 1046 3030 formula
1060 2987 1172 3033 recor·

127 3062 192 3128 dori
204 3069 354 3148 alicuius,
377 3064 464 3132 bono
485 3089 601 3148 sensu,
622 3066 663 3132 ab
683 3064 847 3148 Hebraeis
864 3068 911 3129 ita
923 3078 1113 3153 usurpatur,
1133 3081 1173 3134 ut

129 3163 173 3226 sit:
192 3187 302 3232 curam
317 3171 453 3235 alicuius
471 3169 607 3247 dobere,
628 3166 780 3246 benificia
798 3173 833 3232 iu
851 3170 988 3253 aliquem
1006 3168 1181 3249 conferre,

130 3284 180 3355 quo¹
194 3267 306 3332 eodem
323 3289 422 3332 sensu
434 3272 575 3354 positum
594 3280 686 3333 extat
705 3266 841 3332 verbum
854 3277 910 3333 111
928 3266 1010 3330 Gen.
1025 3273 1056 3349 8,
1073 3276 1102 3333 1.
1117 3270 1172 3336 Ps.

132 3367 188 3445 144,
204 3373 233 3432 3.
247 3369 371 3433 Amos.
387 3374 418 3449 3,
433 3376 464 3434 2.
486 3369 683 3450 13166168,
701 3376 730 3433 1.
764 3373 814 3447 19,
830 3372 881 3431 29.
909 3372 960 3448 30,
977 3374 1029 3432 22.
1060 3368 1173 3436 Verba

132 3457 294 3552 ἄνθρωπος
312 3482 345 3533 et
362 3469 433 3545 υἱός
444 3467 637 3558 ἀνθρώπου,
660 3480 734 3533 sunt
750 3467 837 3532 idem
854 3466 1008 3549 valentia,
1028 3470 1174 3534 indicant

133 3559 291 3651 honinem,
312 3582 348 3633 ut
366 3567 564 3637 verbattlilts
578 3583 610 3634 et
622 3578 691 3638 618
705 3577 745 3651 tn
757 3565 812 3632 PS.
829 3573 859 3631 8.
874 3568 939 3631 vid.
964 3569 1108 3637 Veratius
1131 3571 1172 3634 de

134 3659 330 3734 Hebraismm'.
342 3668 385 3735 N.
400 3669 440 3735 Τ.
452 3694 484 3756 p.
501 3677 563 3737 333
578 3693 626 3757 sq.
639 3668 750 3738 Feret.
773 3680 805 3732 et
823 3690 905 3756 quae
927 3672 1109 3741 notavimus
1130 3670 1174 3735 ad
1275 3679 1277 3682 ⁴

134 3759 228 3833 blattb.
245 3777 276 3851 8,
289 3755 341 3834 20.
362 3769 525 3834 Particula
537 3764 561 3851 ἢ
575 3793 640 3835 non
656 3790 786 3854 semper
803 3769 973 3855 disiungit,
996 3769 1055 3832 sed
1076 3773 1176 3836 etiam
1198 3810 1203 3815 ·
1311 3759 1314 3762 Α

135 3863 261 3934 inlibris
279 3868 323 3935 N.
338 3868 381 3934 Τ.
403 3873 533 3956 saepius
555 3873 703 3956 ponitur,
726 3866 784 3932 ubi
803 3868 924 3933 similia
936 3881 1115 3950 nectuntur,
1140 3882 1194 3951 et„
1222 3920 1225 3925 «

135 3966 230 4033 eadem
240 3991 312 4051 res,
327 3983 363 4034 ut
377 3972 495 4036 clarior
510 3971 568 4036 fiat
586 3970 706 4057 duplici
718 3970 814 4034 modo
829 3971 1022 4059 enuntiatur,
1040 3982 1075 4032 ut
1089 3970 1172 4034 adeo

135 4066 186 4137 tim
198 4074 404 4137 connectendi
417 4072 552 4153 habeat,
576 4084 608 4160 et
622 4083 731 4157 partes
754 4084 832 4156 agat.
851 4068 1030 4157 particulae
1052 4071 1123 4151 καὶ,
1137 4083 1172 4134 ut

135 4179 203 4238 recte
215 4184 404 4240 monuerunt
414 4172 702 4242 Bretscdneiderus
714 4172 748 4237 iu
763 4171 848 4237 Lex.
864 4175 898 4237 in
913 4167 956 4238 N.
973 4171 1014 4240 Τ.
1030 4168 1089 4239 sub
1105 4165 1172 4250 ab*
