2604 4746
376 398 380 405 ¹
443 304 602 381 cerer
630 260 722 379 Vll.
757 312 856 417 psl.
881 311 917 378 2.
1124 315 1198 383 215
1226 283 1230 293 “

132 473 459 556 pst'tmus‘ctors‘oss.
509 466 805 553 Melclrisedecum,
824 492 895 537 cum
911 468 1129 537 Abrahamum
1145 493 1196 535 ss-

138 569 274 651 lntaret‚
300 569 495 635 sacrificium
509 565 583 647 Deo
602 570 763 647 obtulisse
780 571 863 638 Gen.
881 571 904 635 l.
921 568 945 635 ll
968 592 1033 635 non
1056 593 1196 639 comme-

137 672 306 752 moratur,'
328 671 389 735 sod
409 672 607 735 recentiores
629 669 744 737 Iudaei
764 673 985 743 narrationem.
997 671 1038 734 de
1059 669 1196 735 Melchi·
1276 708 1279 721 ·

137 771 254 835 sedem
269 769 332 835 lsoc
344 771 560 837 additamento
574 792 756 836 exornasse
770 773 931 847 uidentur.
949 767 968 839 ὁ
987 768 1196 849 συναντήσας

135 868 382 957 Ἀβραὰμ-τῶν
398 870 566 957 βασιλέων
579 871 642 945 sol
653 868 839 957 εὐλογήσας
858 869 977 957 αὐτὸν]
1001 878 1058 957 qm·
1072 870 1195 939 σύσίσα

136 973 304 1059 prascetu
322 982 357 1055 et
373 970 454 1037 lese
468 984 628 1058 precatus
650 983 699 1039 est
718 973 903 1042 Λύσσλασσ
923 995 946 1040 α
963 976 1064 1038 caede
1083 993 1194 1055 regest

98 1142 101 1147 ,
137 1093 275 1157 recessu.
302 1072 385 1138 Gen.
404 1080 455 1154 14,
473 1071 899 1157 ¹17.nonlllelclriseelecns,
927 1073 986 1137 sed
1005 1093 1068 1149 rex
1088 1073 1192 1138 Sodo-

93 1166 96 1171 ’
140 1193 258 1238 norum
279 1171 409 1245 chriam
429 1175 531 1259 ivisse
553 1170 673 1258 legitur
696 1173 895 1240 Abrahamo.
956 1172 1024 1258 §ed
1050 1195 1123 1239 cum
1145 1172 1215 1238 ihi·

140 1269 390 1359 Melchisedecus
412 1294 460 1337 ex·
474 1272 555 1337 urbe
577 1274 690 1339 afferri
708 1277 845 1341 iussisse
865 1272 1073 1360 perhibeatur
1088 1272 1191 1355 cibos,

136 1376 189 1460 ,qui
203 1372 389 1441 Abralsamo
411 1372 620 1457 offerrentur,
648 1397 709 1461 per
730 1398 767 1441 se
784 1373 977 1461 intelligitur
996 1396 1070 1439 eum
1094 1376 1203 1439 etiam

140 1471 261 1538 obviam
282 1476 486 1543 occurrisse·
531 1475 708 1545 Eiusmodi,
722 1496 777 1545 res
796 1479 956 1558 minutas,
986 1497 1076 1562 quae·
1092 1473 1190 1539 facile

138 1593 237 1658 perse
253 1572 392 1660 intelllgi
409 1588 564 1661 possunt,
594 1579 770 1661 scriptores
791 1579 937 1642 omittere
957 1574 1075 1639 solent.
1098 1572 1189 1654 κσαή
1212 1614 1218 1631 ·

139 1685 182 1737 est
193 1677 325 1755 caedes,
345 1686 476 1759 strages
481 1724 493 1766 ,
513 1676 726 1758 Gem14,1⁷.
748 1677 783 1740 in
795 1697 883 1743 vers.
899 1675 999 1742 Alex.
1014 1674 1189 1761 respondet
1262 1732 1271 1746 ,

91 1766 93 1771 ’
134 1771 234 1845 Hebr.
250 1775 336 1853 nist]
360 1786 393 1839 et
415 1775 482 1840 los.
500 1782 550 1859 10,
572 1783 625 1844 20.
649 1779 867 1864 uoruinitnsta
885 1782 1000 1864 plaga.
1049 1775 1188 1862 Legitur

139 1876 227 1939 enam
235 1873 358 1946 Iudith.
373 1881 424 1958 15,
438 1883 470 1951 5.
497 1876 597 1946 Dent.
611 1884 664 1959 28,
681 1883 732 1944 15.
756 1873 939 1962 εὐλογήσας
956 1877 1062 1944 αὐτὸν
1074 1875 1187 1962 plures

133 1970 521 2062 interpretesssxplioant:
549 1977 730 2066 gratulatus
751 1990 801 2043 est
812 1976 999 2043 Abrahamo
1018 1979 1187 2044 victoriam

132 2073 327 2149 debentibus
338 2090 551 2163 reportatam,
576 2092 609 2146 ot
621 2101 779 2166 prospera
796 2081 932 2166 quaevis
944 2079 975 2142 oi
991 2091 1186 2164 apprecatur
1206 2089 1213 2101 “

133 2190 189 2240 est.
235 2175 370 2243 Rectius
389 2179 562 2262 romalii,
588 2180 870 2260 inhisBo'lssits,
905 2180 1093 2256 mazam,
1120 2178 1185 2243 hoc
1280 2214 1292 2239 .

131 2275 261 2340 uerbum
277 2297 378 2342 seusu
397 2282 601 2347 eminentiori
614 2280 836 2366 accipiendum
855 2301 930 2344 esse
946 2289 1104 2360 statuunt,
1125 2281 1184 2360 its,

131 2388 165 2438 ut
179 2398 242 2441 non
262 2377 454 2464 simpliciter
473 2394 578 2449 notet:
600 2381 684 2449 bono
698 2388 890 2469 oppressori,
913 2381 973 2445 sed
988 2402 1029 2443 ea
1041 2392 1082 2443 ut
1095 2392 1185 2444 certo

135 2490 279 2543 eventura
293 2465 478 2563 apprecari,
499 2485 746 2568 praenuntiare,
767 2493 803 2545 ut
816 2479 942 2546 solebat
957 2482 1112 2546 sacerdos
1124 2504 1183 2567 po·

122 2577 248 2662 pulos.
261 2577 415 2661 Levita,
430 2587 482 2646 22.
504 2580 601 2647 Num.
614 2587 646 2664 6,
659 2587 699 2647 23
713 2603 784 2668 sqq.
796 2579 854 2646 ubi
866 2583 902 2645 in
914 2593 1008 2647 textu
1017 2581 1182 2648 Hebraico

135 2675 242 2764 legitur
256 2677 392 2752 verbum
407 2691 473 2762 tn:
494 2683 529 2746 iu
543 2702 630 2748 vers.
645 2681 746 2749 Alex.
767 2680 927 2767 εὐλογεῖν.
940 2682 982 2746 cf.
996 2696 1029 2747 et
1046 2696 1112 2750 not.
1132 2685 1183 2748 in·
1211 2714 1213 2719 ·

127 2778 177 2844 -lra
188 2779 230 2844 ad
244 2801 277 2847 n.
291 2784 323 2846 7.
337 2792 371 2845 et
386 2787 437 2863 11,
450 2788 502 2848 20.
543 2780 745 2869 Temperare
756 2781 837 2847 mihi
855 2805 921 2847 non
930 2803 1089 2869 possum,
1105 2785 1184 2871 quin

135 2877 187 2944 luc
206 2879 415 2963 transforma,
444 2903 526 2969 quae
541 2880 625 2947 hanc
643 2885 678 2947 in
700 2903 769 2948 rem
782 2885 907 2957 monuit
927 2884 1099 2949 Ws'ozem
1115 2880 1140 2947 l·.
1157 2881 1181 2946 l.

127 2999 161 3065 p.
171 2986 219 3046 12.
261 2980 391 3046 Etenim
402 3003 434 3047 v.
449 2988 493 3064 7.,
511 2985 632 3071 inquit,
653 2995 804 3070 tanquam
818 2984 1033 3048 certissimum
1048 2984 1111 3047 hoc
1123 3004 1183 3068 po·

126 3081 223 3164 nitur,
233 3079 274 3148 τύ
290 3078 507 3151 {marmeno
522 3084 583 3151 τοῦ
597 3079 785 3171 κρείττονος
800 3081 1033 3165 εὐλογεῖσθαι.4
1051 3084 1183 3148 2=Enim-

125 3200 202 3259 ,sero
219 3195 252 3247 et
265 3182 421 3280 «lignitate
438 3185 612 3250 inferiores
626 3182 710 3249 bene
725 3185 852 3268 precari
867 3195 899 3246 et
911 3180 1067 3268 gratulari
1085 3205 1183 3268 supe·

112 3332 115 3338 J
135 3282 265 3349 rioribus
282 3296 430 3369 possunt.
479 3286 567 3372 Ergo
584 3284 750 3372 singulare
765 3284 843 3371 quid
857 3286 1117 3371 acpraecipuum
1129 3284 1184 3349 hic
1219 3330 1222 3335 -

112 3383 281 3465 'insultum
312 3383 399 3470 quod
416 3405 461 3451 ex
481 3389 671 3451 auctoritate
689 3388 877 3471 monituque
898 3385 1008 3449 divino
1029 3388 1073 3463 sit
1086 3407 1181 3472 prae·

135 3487 244 3552 ttitum.
265 3473 396 3549 Deinde
411 3507 442 3554 v.
450 3491 481 3550 6.
495 3485 755 3552 Melchisedecus
772 3486 952 3570 εὐλογῆσαι
967 3486 1182 3568 (licitur-eum,

136 3587 182 3670 qui
198 3588 262 3653 ism
286 3584 581 3669 excellentissimas
603 3611 623 3651 a
642 3586 717 3653 Deo
737 3588 971 3672 promissiones
991 3591 1182 3672 accepisset,

137 3683 174 3748 ita
185 3698 217 3749 ut
229 3689 300 3752 eius
313 3685 462 3752 felicitati
475 3686 556 3753 nihil
568 3688 665 3752 adiici
673 3708 773 3774 posse
787 3687 964 3753 videretur.
1008 3685 1133 3763 Quibus
1147 3691 1183 3750 in

138 3784 232 3857 verbis
247 3787 482 3852 manifestaest
495 3789 670 3874 emphasis.
708 3788 820 3874 ltaque
836 3799 961 3873 oportet
975 3786 1182 3852 confirmatas
1284 3793 1287 3799 '

141 3883 351 3965 saltemluisse
369 3890 607 3972 promissiones
625 3888 702 3953 illas
717 3890 874 3964 eximias3
903 3911 964 3953 nec
981 3889 1079 3951 meris
1096 3891 1182 3951 votis

143 3985 446 4150 othperptulationibus
471 3992 584 4056 arnicis
606 4004 754 4063 constare
774 3989 917 4076 potuisti
940 3984 1077 4073 εὐλογία
1096 3987 1182 4052 Mel-

236 4109 296 4153 ecs.
418 4134 421 4142 f

213 4195 240 4252 2.
262 4181 356 4282 qiuari
375 4187 516 4270 δεκάτην
534 4189 602 4260 α’σὸ
625 4184 768 4282 πάντων,
782 4188 929 4277 ἐμέρισεν
946 4186 1113 4277 Ἀβραάμ]
1132 4195 1186 4253 αα·
