2604 4746
353 276 905 412 ,2122221222222
1093 318 1170 391 222

131 473 268 559 precandi
278 471 370 536 notio
384 475 420 536 in
435 467 537 536 verbo
554 468 761 560 ἐντυγχάνειν
778 474 1000 560 praeoptanda
1015 486 1076 541 est.
1104 476 1171 542 Hic

133 594 191 638 vero
211 571 367 660 loquendi
391 572 506 637 modus
531 573 707 639 translatus
734 587 785 638 est
802 598 823 639 2
839 574 937 639 rebus
954 575 1102 641 humanis
1127 580 1170 643 ad

133 675 229 756 divina,
250 685 284 738 et
306 686 343 737 ut
354 744 357 751 ,
368 674 510 738 scienter
529 673 783 740 monuitMorur
798 672 822 738 1.
839 672 864 738 l.
881 695 915 760 p.
933 681 1006 740 306.
1028 700 1106 758 „res
1123 681 1170 743 ita

133 775 318 861 concipienda
340 785 406 856 est,
436 788 531 838 utne
550 771 679 839 Christo
702 786 875 862 regnante,
906 788 961 838 aut
976 775 1049 840 Deo
1070 777 1168 842 Patre

130 874 204 961 louge
221 875 471 940 clementissimo
487 875 620 959 indigna
636 877 689 955 sit,
710 874 743 939 h.
762 897 790 938 e.
808 875 901 940 illum
923 875 1078 941 humilem
1094 879 1169 960 red·

130 976 174 1056 dat,
194 975 276 1039 hunc
293 987 443 1061 tanquam
460 978 530 1039 sine
545 974 610 1039 fine
623 976 727 1039 denuo
739 975 940 1060 placandum,
965 989 997 1039 et
1008 976 1168 1042 inclinan-

129 1076 182 1140 dum
198 1077 239 1140 ad
254 1073 462 1155 voluntatem,
484 1086 517 1138 et
540 1076 741 1140 exorandum
764 1077 962 1142 describat.“
1003 1075 1049 1142 Ut
1071 1076 1166 1142 Chri-

97 1242 99 1255 ,
128 1176 359 1240 rtisacri'ficium
373 1173 588 1240 excellentius
607 1187 639 1240 et
656 1174 739 1239 alius
757 1178 887 1262 generis
905 1188 974 1241 erat
996 1200 1092 1264 qnam
1114 1201 1167 1243 aa·

127 1276 227 1341 crificia
241 1300 262 1341 a
278 1275 430 1362 pontifice
447 1290 480 1340 et
497 1274 718 1340 sacerdotibus
729 1275 869 1340 Iudaicis
885 1274 960 1340 Deo
979 1277 1098 1360 oblata,
1119 1281 1168 1344 ita

126 1391 148 1440 et
157 1376 348 1442 efficaciores
366 1388 398 1441 et
414 1375 498 1440 alius
512 1379 642 1461 generis
655 1389 732 1440 sunt
745 1398 859 1461 preces
873 1378 987 1461 ipsius.
1018 1378 1167 1444 Christus

125 1480 190 1563 apud
211 1477 320 1542 Deum
341 1478 532 1563 deprecator
554 1499 614 1564 pro
639 1474 823 1541 hominibus
846 1478 950 1562 adest,
975 1501 1087 1544 eorum
1112 1502 1167 1545 res

124 1577 179 1642 Deo
199 1577 400 1642 commendat
424 1576 456 1641 h.
479 1601 508 1643 e.
525 1589 618 1663 tropo
641 1588 783 1658 remoto,
813 1577 935 1642 Christi
957 1600 1044 1643 mors
1069 1583 1166 1647 etiam

123 1691 179 1764 post
194 1682 264 1744 eius
282 1682 316 1742 in
332 1677 457 1742 coelum
471 1678 620 1757 reditum,
641 1675 736 1741 nobis
759 1678 792 1741 in
816 1691 1006 1763 perpetuum
1022 1681 1166 1764 prodest,

123 1782 159 1843 ris
170 1781 283 1844 mortis
298 1781 403 1862 ipsius
417 1777 458 1841 ad
472 1776 537 1841 Dei
559 1778 704 1842 favorem
725 1776 910 1843 hominibus
930 1781 1167 1864 impetrandum

122 1893 158 1943 est
174 1866 344 1966 perennis,
366 1881 412 1942 ita
434 1879 578 1964 quidem,
600 1890 635 1941 ut
658 1875 750 1941 Deus
772 1877 894 1942 Christi
915 1893 1051 1945 mortem
1071 1884 1166 1968 quasi

121 1982 241 2060 intuens,
261 1978 400 2043 humano
412 1982 526 2065 generi
546 1991 704 2062 perpetuo
724 1981 766 2041 sit
787 1979 959 2063 propitius,
978 1978 1040 2043 hoc
1065 2003 1167 2045 sensu

121 2079 252 2145 Christus
272 2080 387 2143 dicitur
401 2079 603 2163 deprecando
616 2079 779 2142 bominum
796 2099 943 2142 caussam
956 2079 1042 2163 apud
1056 2079 1166 2145 Deum

119 2202 209 2264 agere.
252 2178 329 2244 Non
343 2200 421 2263 ergo
437 2177 512 2242 talis
527 2179 712 2263 deprecatio
728 2190 760 2242 et
772 2180 965 2243 intercessio
978 2179 1165 2266 intelligen-
1260 2257 1265 2269 ,

116 2280 147 2344 do
166 2292 227 2361 est,
250 2301 334 2366 quae
358 2291 482 2342 constet
502 2279 611 2344 verbis
631 2290 664 2343 et
686 2277 745 2342 fiat
767 2302 836 2344 ore.
874 2279 1039 2365 -Apposite
1058 2296 1165 2347 autem

114 2381 274 2468 Kaappiur
290 2380 313 2443 1.
327 2379 350 2443 l.
369 2391 401 2464 p,
419 2384 490 2447 137.
507 2380 634 2445 scribit:
657 2401 716 2444 uec
733 2379 877 2458 defuisse
893 2400 970 2445 reor
985 2388 1058 2466 ipro
1073 2385 1164 2469 Apo·
1211 2416 1217 2435 ι

111 2472 252 2548 italorum
271 2490 394 2559 aetate,
418 2487 474 2565 qur·
492 2487 539 2545 ric
560 2480 614 2564 (de
631 2481 817 2564 precatione
835 2502 918 2567 quae
940 2482 1048 2546 verbis
1069 2505 1165 2567 pera-

108 2595 204 2666 gatur,
228 2580 341 2664 verba)
362 2582 544 2661 intelligere
568 2585 726 2657 mallent„
759 2578 1050 2647 Credebantenim
1066 2588 1164 2648 etiam

105 2679 213 2747 Iudaei
228 2684 301 2766 pios
316 2693 460 2745 mortuos
477 2681 562 2765 apud
584 2680 691 2745 Deum
710 2682 910 2745 intercedere
933 2703 992 2765 pro
1013 2687 1080 2747 suis
1095 2707 1125 2747 v.
1144 2693 1164 2748 2

103 2779 203 2847 Maec.
220 2787 405 2862 15,12.14.
424 2781 464 2843 cf.
483 2780 650 2848 It‘rr‘rcbiue
664 2784 699 2845 in
712 2782 905 2847 Eiclaborm’r'
915 2782 1172 2864 Anemonem·
1250 2854 1254 2861 ,
1295 2816 1300 2827 ·

101 2887 128 2950 d.
145 2883 411 2955 1221212222
431 2878 471 2943 Β.
490 2889 521 2945 4.
542 2903 576 2967 p.
590 2885 651 2945 716
666 2903 712 2967 sq.
737 2902 742 2914 ⁸
758 2881 841 2958 Quis
857 2904 947 2960 vero,
968 2884 1071 2967 inquit
1088 2883 1164 2947 Mo-

98 3005 152 3050 rur
178 3007 214 3070 p.
242 2984 315 3047 306.
353 2982 515 3064 vituperet
546 3001 657 3045 sacros
681 2984 873 3066 scriptores,
901 2983 946 3060 si,
976 3002 1069 3065 quam
1095 3005 1164 3048 reni

95 3085 176 3150 alibi
198 3079 635 3168 planissime,exhibuerunt
660 3081 896 3167 intelligentiae
921 3091 1163 3158 2221222222-

95 3186 169 3250 dem
186 3181 254 3247 alio
271 3179 343 3244 loco
362 3180 512 3245 sensibus
528 3202 656 3269 qnoque
673 3181 877 3263 admoveant,
899 3190 932 3245 et
946 3176 1035 3243 velut
1046 3179 1164 3267 221222-Ι

94 3281 420 3350 uanilemreddantt
656 3288 660 3295 ‘
816 3348 820 3361 x
1120 3304 1123 3311 ’

178 3386 236 3448 26.
258 3377 409 3457 τοιοῦτος
422 3379 488 3468 γοὶρ
501 3379 583 3466 ἡμῖν
593 3376 739 3467 ἔπρεπεν
749 3377 922 3469 ἄρχιερεύς
940 3403 971 3446 κ.
984 3405 1012 3447 τ.
1026 3382 1163 3470 1.]12112

93 3491 256 3557 emerere
279 3481 369 3547 note
393 3480 602 3548 conueniebat
623 3482 801 3567 pontifex:
829 3481 896 3568 γάρ
914 3481 947 3545 h.
968 3480 993 3548 l.
1013 3481 1163 3566 affirmat,

93 3594 267 3663 emovere,
289 3589 444 3669 utiquev.
466 3582 865 3667 Wgeruep.479.11erm.
909 3583 964 3648 Sic
980 3591 1062 3648 euim
1078 3584 1162 3670 legi·
1197 3587 1203 3594 '
1236 3576 1240 3583 ’

93 3703 147 3753 tur
166 3707 225 3772 ap·
239 3683 335 3770 Virg.
357 3682 442 3747 Aen.
458 3677 596 3762 10,’874.
619 3703 692 3746 nam
708 3683 796 3777 'Aem
813 3690 844 3764 6,
868 3689 941 3748 378.
965 3679 1086 3768 ἔπρεπε
1112 3683 1164 3745 rei

93 3796 361 3864 consentaneum,
380 3783 516 3846 necesse
541 3793 610 3845 erat
633 3780 752 3866 ὤφειλε
772 3783 838 3848 vid.
861 3785 903 3849 ad
923 3785 1024 3863 2,10.
1045 3781 1166 3866 utple--

93 3911 167 3953 nam
184 3897 394 3972 peccatorum
405 3884 533 3947 veniam
550 3885 820 3964 nancisceremur,
843 3896 874 3947 et
892 3904 1033 3947 summae
1055 3882 1161 3946 felici-

93 3992 168 4057 tatis
184 3986 364 4074 participes
377 3984 596 4062 redderemur,
619 3981 693 4072 talis
713 3983 807 4047 nobis
825 3996 899 4048 esse
920 3982 1058 4047 debebat
1079 4004 1160 4066 pon-

92 4092 186 4155 tifex.
210 4080 389 4168 ὅοιοςρίνο
406 4091 440 4149 in
456 4083 572 4164 Deum,
593 4082 698 4150 Deum
709 4092 767 4171 pie
786 4088 907 4159 colena·
929 4074 1021 4158 ὅσιος
1044 4082 1086 4146 ad
1106 4105 1161 4148 res

92 4191 232 4272 divinar,
256 4185 297 4252 ad
311 4182 416 4260 officie
429 4183 503 4253 Deo
518 4183 638 4272 debita,
660 4181 793 4266 δίκαιος
806 4185 849 4252 21
863 4204 917 4255 res
929 4185 1097 4268 humanas,
1119 4183 1160 4250 ad
