2604 4746
416 131 578 210 Cnnnr
612 132 641 208 1.
676 134 825 247 v.'6.‚
943 170 960 206 ο
1082 143 1129 212 25

10 301 19 341 ἕ
68 299 191 368 nom:
212 301 480 388 maumam
486 298 636 368 Incolunt
643 299 722 379 feci
729 306 986 384 primogenius,
1001 310 1130 389 τίσουσ-

60 425 110 490 que
124 402 295 470 Messian
312 401 443 478 sactus
460 407 716 488 primogenitus,
737 409 819 467 ιίινι
842 403 962 468 dictum
981 411 1041 483 att,
1063 402 1130 487 (Pr.

56 508 99 583 89,
114 504 184 588 28.)
204 524 274 585 ego
282 507 531 587 primogenitum
537 503 667 579 fuctum
682 505 779 568 illum.
821 502 864 566 Et
879 501 971 566 Iesus
987 501 1130 569 Messias
1223 542 1228 550 ·

51 603 113 668 lul.
130 602 339 689 appellatur
356 598 560 689 πρωτότοκος
575 602 636 667 hoc
653 623 766 683 sensu,
789 625 854 669 reu
871 626 1014 685 mmmm,
1031 605 1129 670 toss-

47 727 114 770 sunt
129 717 246 792 atque
261 707 453 787 angelorum
468 705 609 769 dominns
623 723 655 766 v.
667 701 890 788 Sclittgem'us
903 703 1129 771 Horr.Hebrr.

46 805 81 870 Τ.
93 814 128 870 2.
145 806 193 870 de
211 805 356 870 Messia
368 826 402 890 p.
415 808 488 868 377.
504 808 577 868 384.
589 803 664 869 add.
674 802 747 869 Col.
759 811 849 885 1‚·15.
872 803 1038 870 Articulus
1057 802 1131 887 τὸν,

43 921 72 970 ιι
93 906 213 994 probe
244 906 362 971 docuit
383 905 609 969 Valckenarius
631 903 674 969 ad
693 903 726 969 b.
746 902 769 972 l.
795 908 860 970 vim
883 906 1041 993 quandam
1054 908 1129 970 voci

40 1009 228 1088 conciliat,
254 1006 512 1092 designaturque
534 1007 616 1068 adeo
630 1011 863 1093 primogenitus
874 1012 929 1075 ille
944 1014 1081 1074 eximius
1095 1018 1130 1073 at

40 1114 235 1176 excellens.
294 1105 470 1170 Caeterum
489 1104 585 1169 huius
611 1103 769 1191 epistolae
799 1107 947 1173 conditor
971 1106 1130 1174 Messinm

43 1209 261 1296 simpliciter
286 1211 434 1275 nominat
451 1204 686 1292 πρωτότοκον,
715 1227 810 1272 secus
834 1230 929 1296 qnam
950 1209 1072 1273 Paulus
1096 1230 1129 1272 v.

41 1313 135 1378 Rom.
151 1320 188 1394 8,
206 1318 271 1378 29.
297 1306 373 1372 Col.
391 1315 420 1387 1,
441 1314 491 1372 16.
514 1307 567 1371 Ad
580 1327 694 1373 vocem
710 1308 818 1392 λέγει,
841 1308 1004 1391 nonnulli,
1026 1312 1060 1373 in
1077 1308 1130 1373 bis

43 1415 216 1492 illinies,
237 1408 418 1496 cogitando
432 1405 646 1472 adiiciendum
664 1428 737 1471 esse
750 1407 986 1495 praecipimur?
1002 1407 1132 1498 γραφή,

45 1536 106 1578 non
121 1528 163 1579 ιιι
182 1535 224 1576 v.
242 1505 315 1577 5.ὁ
332 1506 419 1583 Θεὸς
430 1529 484 1594 np.
500 1505 535 1572 ἒν
553 1507 593 1597 τῇ
610 1509 737 1598 γραφῇ,
755 1522 787 1575 et
802 1512 929 1597 quidem
944 1527 1130 1598 propterea,

48 1616 130 1702 qnod
145 1634 228 1699 non
245 1613 334 1694 satis
351 1622 460 1695 aptum
473 1609 585 1691 fuerit,
607 1607 681 1674 Deo
697 1610 843 1700 loquenti
858 1610 1000 1676 tribuere
1016 1611 1130 1690 verba,

51 1715 238 1804 inquibus
262 1714 342 1797 ipse
366 1732 402 1775 se
425 1713 473 1776 sic
499 1709 695 1796 appellarat,
726 1730 798 1777 cum
820 1733 851 1775 v.
871 1725 957 1778 extr.
978 1727 1132 1799 sequatur

53 1814 189 1903 ἄγγελον
209 1812 319 1880 Θεοῦ.
362 1809 438 1876 Non
460 1831 592 1896 possum
610 1835 652 1877 eo
676 1813 792 1876 adduci
811 1827 847 1876 ut
868 1816 1040 1887 assentiam
1060 1811 1131 1877 Ha·

54 1917 134 1982 braei
152 1918 257 1982 enim
279 1911 438 1977 inlocum
452 1913 676 1997 pronominum
698 1912 893 1979 substituere
909 1914 1016 1979 solent
1030 1917 1132 1977 norni-

61 2038 93 2081 m
107 2041 140 2083 r.
162 2018 233 2082 Ps.
260 2019 318 2094 50,
339 2020 390 2078 14.
413 2013 479 2076 Ex.
501 2018 552 2092 20,
576 2017 608 2078 7.
634 2012 691 2077 ubi
709 2017 806 2080 etiam
828 2029 864 2080 ut
882 2014 916 2080 Ιι.
930 2013 953 2080 1.
970 2006 1063 2079 Deris
1082 2012 1132 2077 lo·

66 2140 149 2204 quens
164 2115 362 2182 inducitur.
383 2112 460 2178 Alia
474 2113 625 2198 exempla
633 2114 728 2199 plura
744 2117 812 2200 peti
828 2129 963 2201 possunt
980 2137 1025 2179 ex
1036 2115 1133 2182 Glar-

63 2218 193 2285 a'il’hil.
213 2217 256 2281 S.
269 2237 308 2302 p.
326 2219 386 2280 150
406 2236 451 2279 ss.
470 2225 503 2278 et
520 2213 645 2280 Storrr't'
664 2215 763 2281 Obss.
780 2218 821 2281 ad
838 2215 978 2302 Analog.
1001 2230 1033 2282 et
1050 2217 1132 2300 Syn·

60 2335 121 2383 tux.
136 2318 258 2384 Hebr.
282 2337 318 2400 p·
337 2318 397 2379 106
414 2336 459 2379 ss.
475 2320 550 2401 493.
578 2315 645 2380 Sed
664 2339 696 2380 v.
717 2324 749 2383 7.
770 2330 802 2382 et
824 2326 854 2383 8.
877 2317 1133 2384 subaudiendum

59 2433 131 2504 puto
143 2414 358 2483 vocabulum
375 2412 500 2503 γραφή,
521 2419 671 2503 qnoniam
683 2417 730 2484 ibi
744 2442 808 2484 non
823 2418 960 2506 loquens
972 2420 1134 2483 inducitur

58 2516 159 2600 Deus,
181 2530 222 2582 et
235 2515 326 2580 hanc
343 2513 475 2600 ellipsin
491 2519 595 2582 omnis
609 2531 779 2584 contextus
797 2520 1008 2601 commendet,
1025 2523 1133 2608 sequi·

59 2632 107 2683 tur
121 2624 217 2684 enim
242 2615 263 2682 ὁ
281 2616 385 2682 ποιῶν
403 2630 464 2681 etc.
482 2619 543 2682 καὶ
561 2613 887 2705 προσκυνησάτωσαν
899 2619 990 2699 αὐτῷ
1011 2618 1134 2697 πάντες

58 2719 205 2808 ἄγγελοι
235 2715 338 2804 Θεοῦ]
355 2718 568 2806 disceptatum
580 2733 630 2784 est
651 2720 693 2785 ab
707 2720 937 2807 interpretibus
951 2722 1036 2787 unde
1053 2721 1135 2786 haec

59 2820 160 2885 rerba
174 2822 292 2905 petita
313 2819 389 2882 sint.
430 2818 572 2883 Fuerunt
590 2814 645 2908 quii
660 2822 843 2902 crederent,
867 2825 1059 2907 respexisse
1077 2844 1133 2887 su·

60 2936 184 2987 ctorem
204 2918 370 3006 epistolae
395 2919 501 2986 locum
517 2919 616 2985 Dant.
633 2929 685 3005 32,
698 2930 751 2990 43.
771 2922 827 2987 ubi
842 2926 877 2987 in
888 2925 1040 2986 versione
1054 2922 1134 2986 Ale-

59 3024 248 3101 xandrina,
280 3043 376 3108 quam
392 3036 504 3086 noster
526 3012 687 3108 sequitur,
716 3025 831 3088 eadem
851 3021 954 3089 verba
972 3021 1134 3108 leguntur,
1164 3102 1167 3119 Ι
1210 3082 1215 3088 .

61 3147 145 3210 qnae
162 3124 199 3188 lr.
218 3121 245 3185 l.
261 3133 387 3186 extant.
431 3122 497 3185 Sed
514 3144 585 3189 cum
599 3121 690 3189 locus
704 3123 761 3189 ille
776 3122 865 3188 nulla
883 3144 1017 3209 prorsus
1033 3129 1134 3190 ratio·

65 3245 103 3287 ne
116 3225 160 3288 ad
173 3221 345 3288 Messium
357 3223 473 3288 referri
490 3227 606 3309 possit,
627 3246 699 3289 oum
713 3221 816 3288 verba
830 3222 890 3288 illa
902 3226 937 3290 in
954 3236 1049 3289 textu
1064 3225 1133 3290 He·

67 3323 178 3388 braico
208 3343 279 3386 non
294 3317 507 3408 reperientur,
533 3337 571 3389 et·
584 3348 605 3389 a
623 3324 829 3392 versionibus
853 3330 993 3414 antiquis
1014 3330 1133 3410 absint,

69 3438 214 3510 excepta
231 3425 338 3488 veteri
353 3422 478 3505 Italica,
495 3445 566 3511 cum
579 3427 685 3491 ‘etiam
701 3428 737 3490 in
753 3428 824 3492 cod.
842 3427 1028 3493 Oxoniensi
1046 3451 1132 3494 vers.

10 3514 12 3519 ⁵
72 3523 167 3587 Alex.
186 3524 310 3603 desint,
336 3535 376 3608 etp
385 3524 455 3587 cod.
471 3522 570 3590 Alex.
587 3547 647 3611 pro
663 3523 791 3603 πάντες
807 3523 946 3613 ἄγγελοι
962 3529 1049 3595 Θεοῦ
1073 3551 1133 3593 ex·

74 3623 182 3690 libeat
204 3622 336 3699 πάντες
355 3623 424 3688 υἱοὶ
448 3625 544 3691 θεοῦ·
573 3625 674 3691 rerba
700 3625 758 3691 illa
779 3650 862 3716 quae
886 3627 984 3692 Dent.
1007 3627 1030 3691 l.
1053 3627 1076 3692 l.
1098 3632 1133 3693 in

77 3745 155 3790 rcrs.
170 3726 241 3791 τῶν
258 3721 288 3790 ο’
308 3723 471 3811 leguntur,
489 3748 508 3790 e
526 3726 579 3790 Ps.
596 3732 648 3808 97,
663 3732 683 3792 7
698 3749 746 3815 sq.
761 3731 796 3792 in
813 3727 905 3793 illurn
920 3729 1027 3793 locum
1040 3729 1133 3794 illata
1162 3794 1163 3797 ,

82 3846 146 3890 esse
162 3825 323 3919 arbitror,
345 3840 379 3890 et
393 3827 623 3913 interpretibus
638 3829 680 3891 iis
696 3829 827 3911 accedo,
850 3833 905 3917 qui
922 3851 980 3915 ep.
1001 3842 1131 3897 nostrae
1166 3839 1168 3843 ’

87 3927 274 3992 conditorem
281 3926 365 3992 hunc
372 3925 493 3994 Psalmi
501 3927 607 3993 locum
614 3932 803 4013 respexisse
815 3943 969 3996 statuunt.
986 3931 1131 3998 Alexan·

96 4025 159 4131 ultini
175 4032 374 4116 interpretes
389 4025 437 4093 ibi
454 4026 624 4096 formulam
644 4029 744 4098 Hebr.
763 4026 933 4130 φώς-θη
952 4024 1133 4127 ibuttqtuttln
