2632 4740
58 296 170 409 2118
426 329 593 406 Carum
625 329 699 404 IV.
732 351 774 405 v.
800 334 836 402 2.
951 429 954 440 Ι

17 510 22 521 ’
97 496 308 581 denegarant.
350 485 500 560 Verbum
521 490 816 580 συγκεράννυσθαι
846 503 936 558 notat
960 498 1174 572 commisceri,

9 650 13 658 .
99 603 259 687 coniungi,
279 606 454 679 usurpatur
470 588 618 678 inprimis
642 596 682 658 de
704 594 802 659 rebus
825 592 962 682 liquidis
981 588 1064 679 qua'e
1084 596 1176 658 inter

100 719 137 761 se
154 696 401 782 permiscentur,
425 707 458 759 et
472 715 552 758 vero
569 695 721 758 etiamde
736 715 927 781 quacunque
945 695 1078 757 arctiori
1095 715 1185 757 con-.

101 799 290 873 iunctione3¹
305 796 345 859 de
361 798 437 859 vino
455 817 540 883 aqua
558 807 737 880 temperato
750 790 906 877 legitote
923 791 1030 857 Mace.
1047 799 1102 876 15,
1117 800 1186 860 39.

102 891 142 962 bb
167 897 205 960 δὲ
231 894 353 983 τρόπον
381 886 470 973 οἶνος
495 892 597 962 ddum
623 891 870 982 συγκερασθεὶς
890 892 982 982 οἴνῳ,
1015 893 1055 958 de
1078 905 1176 959 veste

3 1048 21 1079 ·.
102 996 205 1080 Soph.
225 996 380 1062 Trachin.
401 1002 476 1063 660.
502 995 559 1061 ubi
580 994 760 1061 Bruttedius
780 994 892 1058 vertit:
917 992 1095 1079 implicitus
1114 1016 1177 1079 pe-

10 1094 17 1137 ss
101 1094 171 1182 plo.
194 1097 571 1185 septemtionalem
593 1097 705 1181 (sensu
719 1092 855 1179 doloris)
878 1095 1180 1186 συγκεκραμμὲνην

102 1183 162 1260 ubi
177 1196 285 1262 schol:
296 1197 575 1285 συμμεμιγμένην.
615 1194 796 1263 Menander
808 1216 860 1279 ap.
878 1192 1056 1259 stobaeum
1076 1202 1178 1258 serm.

40 1356 43 1362 ,
105 1305 159 1362 42.
181 1311 310 1382 oportet
326 1321 419 1382 eum,
440 1303 497 1389 qui
511 1295 637 1364 civibus
648 1315 804 1382 praeesse
818 1293 902 1360 vult:
925 1292 989 1375 τήν
1000 1288 1059 1359 τοῦ
1073 1291 1189 1378 λόγου.

106 1395 250 1483 δύναμιν
279 1397 368 1479 ἤθει
393 1399 529 1488 χρηστῷ
549 1395 848 1483 συγκεκρσμμὲνην
873 1391 980 1482 ἔχειν.
1004 1393 1179 1479 Aristoph.

106 1494 193 1560 Plut.
209 1504 282 1563 854.
303 1498 489 1590 πολυφόρῳ
509 1496 737 1582 συγκέκραμαι
757 1491 894 1581 δαίμονι
908 1492 973 1583 ¹ubi
991 1514 1024 1559 υ.
1038 1495 1178 1580 Fische-

106 1617 175 1662 τκι.
218 1597 296 1662 Alia
314 1586 468 1684 exempla
486 1601 555 1684 peti
576 1609 714 1683 possunt
727 1617 773 1660 ex
787 1594 916 1682 Kppbio
930 1607 963 1658 et
981 1595 1179 1662 Wetrtcm‘o.

109 1695 168 1760 Sic
182 1695 293 1773 Latini
310 1712 441 1764 utuntur
463 1697 565 1764 verbo
583 1703 840 1775 commoverent
861 1695 930 1760 Cic.
945 1717 1007 1782 pro
1025 1693 1133 1760 Marc.
1147 1704 1179 1762 2.

21 1794 23 1799 ’
109 1803 278 1888 temeritas
292 1822 361 1867 oum
381 1807 547 1886 sapientia
567 1805 794 1864 commncetcr.
836 1793 935 1859 Haud
959 1797 1056 1880 pauci
1078 1798 1180 1861 inter-

107 1908 220 1981 pretes
233 1902 303 1977 τοῖς
315 1899 486 1967 ἀκούσασι
494 1901 636 1986 positum
645 1918 718 1962 esse
732 1907 846 1982 putent
856 1919 917 1980 pro
931 1898 996 1961 τῶν
1010 1896 1181 1963 ιίκουσοὶν-

30 1994 33 2001 ’
63 1986 65 1991 ’
108 2017 187 2077 των,
209 2010 245 2062 ut
266 2003 303 2066 in
322 2001 392 2065 cod.
412 2000 555 2067 Claram.
579 2022 597 2063 c
609 1984 805 2084 glossemate
827 1995 959 2082 legitur.
1000 1995 1180 2076 Dindorfio

19 2174 26 2185 Ι
112 2109 147 2160 et
159 2097 290 2166 demio
303 2101 390 2165 haud
409 2096 637 2187 improbabilis
653 2100 838 2163 coniectura
855 2097 1031 2179 videretur,
1054 2100 1085 2162 si
1106 2100 1179 2186 quis

111 2193 287 2282 legendum
304 2202 490 2286 opinaretur
503 2199 539 2267 ἐν
554 2200 626 2274 τοῖς
641 2195 838 2265 ἀκούσασιν.
880 2196 955 2275 Qua
974 2208 1084 2267 tamen
1103 2220 1180 2263 con-

15 2326 17 2332 s
113 2297 238 2364 iectura
251 2301 349 2367 facile
369 2323 480 2366 carere
500 2321 685 2386 possumus.
729 2297 862 2364 Scilicet
875 2297 1046 2380 Hebraei5
1063 2299 1179 2364 Graeci

116 2408 149 2459 et
170 2397 282 2463 Latini
303 2383 410 2464 solent
435 2398 592 2464 Detivum
613 2399 750 2464 Passivo
769 2402 921 2485 iungere,
943 2398 1016 2463 loco
1037 2398 1176 2464 Genitivi

115 2517 189 2561 cum
201 2502 458 2586 praepositione,
479 2511 517 2563 ut
530 2501 612 2564 adeo
625 2501 700 2575 τοῖς
711 2491 895 2565 σι’κούσόισιν
906 2502 1047 2584 positum
1063 2503 1108 2565 sit
1119 2518 1172 2585 pro

91 2676 94 2685 Ι
114 2593 183 2661 ὑπὸ
204 2599 269 2665 τῶν
289 2597 511 2666 ἀκουσάντων
530 2621 563 2664 v.
585 2598 732 2666 sarram
750 2600 850 2665 Obss.
868 2600 908 2664 ad
927 2599 1024 2665 Anal
1040 2611 1074 2665 et
1088 2601 1169 2684 Sym.

116 2693 222 2763 Hebr.
236 2720 270 2783 p.
288 2705 360 2766 115.
374 2706 448 2765 289.
466 2720 525 2763 nos
538 2701 580 2763 ad
592 2699 710 2765 Matth.
723 2705 754 2783 5,
771 2707 824 2766 21.
846 2700 909 2765 Ριο
919 2703 1171 2787 συγκεκραμέυος

114 2793 229 2881 legunt
241 2797 577 2885 συνκεκραμένουςί).
588 2821 633 2863 ex
645 2800 816 2865 emend.E.
825 2800 944 2890 aliique
958 2802 1049 2866 codd.
1060 2800 1170 2887 plures,
1221 2876 1223 2881 Ι

116 2916 224 2963 versa.
240 2898 336 2984 Copt.
343 2901 440 2988 Aeth.
451 2902 524 2985 Syr.
531 2899 617 2986 post.
624 2900 727 2967 Arab.
740 2898 940 2966 Theodoret.
951 2900 1167 2976 Oecumeuius,

118 2992 355 3086 Theophylact.
367 3000 454 3067 Iren.
467 3002 510 3067 al.
525 3000 851 3088 συγκεκεριισμὲνους
863 3002 998 3068 ABcD.
1014 3001 1057 3066 al.
1068 3021 1168 3087 συγκι-

58 3103 62 3107 ’
119 3100 303 3183 κρυμένους
318 3101 598 3186 probantMillicr‚
612 3103 819 3185 Wetoteniuo,
831 3104 1061 3184 Hammonios,
1073 3104 1170 3170 arcs-⁷

120 3195 267 3280 bachius,
289 3200 529 3282 Heinricdsium
558 3202 707 3285 Vaterno,
726 3206 766 3267 in
786 3204 932 3269 ordinem
955 3206 1079 3291 recepit
1090 3205 1166 3272 Mu·

122 3297 259 3364 tinctor.
304 3298 371 3377 Qui
385 3299 558 3367 lectionem
571 3303 859 3390 συγκεκρομὲνους
873 3303 1010 3389 probam
1024 3317 1056 3369 et
1070 3300 1166 3390 genui·

32 3442 34 3447 ·
121 3418 196 3462 nam
212 3398 364 3481 iudicant,
385 3401 448 3465 hoc
461 3405 668 3487 participium
683 3405 725 3468 ed
741 3424 920 3490 pronomen
934 3400 1083 3480 ἐκτίνους’
1098 3399 1166 3470 rele-

55 3498 60 3503 ’
121 3508 207 3580 runt,
230 3511 262 3562 et
284 3520 415 3580 sensum
433 3503 480 3566 ita
500 3505 707 3582 constituunt:
738 3504 848 3567 audita
868 3506 1043 3588 promissio
1063 3503 1168 3571 nullum
1194 3490 1198 3509 ¹
1222 3515 1223 3521 ’

8 3646 10 3655 .
124 3598 372 3685 emolumentum
383 3603 426 3666 iis
442 3601 557 3685 attulit,
579 3607 635 3691 qui
653 3626 719 3669 uon
734 3602 900 3692 perfidem
915 3607 1078 3672 coniuncti
1096 3605 1169 3672 erant
1207 3592 1223 3679 l

124 3700 210 3765 dicto
225 3699 452 3768 obedientibus
465 3705 489 3767 i.
506 3727 536 3768 e.
553 3707 609 3791 qui
624 3725 689 3768 non
705 3703 921 3793 sequebantur
941 3706 1111 3794 exemplar
1129 3721 1171 3768 eo·
1217 3690 1223 3775 l

35 3851 37 3857 .
124 3821 212 3883 rum,
240 3803 297 3890 qui
318 3801 592 3889 obtemperabant.
635 3803 698 3869 Per
724 3805 805 3880 τούς
827 3803 1044 3884 ἀκούσαντας
1068 3798 1172 3873 intelli·

125 3913 204 3986 gunt
217 3900 348 3969 Iosuam
370 3914 402 3966 et
418 3902 593 3986 Calebum,
616 3916 648 3969 et
666 3927 778 3971 omnes
800 3928 858 3970 eos
878 3901 1019 3994 qui'Deo
1035 3909 1175 3975 obedien·

87 4066 91 4081 ι
125 4013 177 4065 tes
191 4003 227 4066 in
242 4014 361 4070 terram
380 4004 538 4071 Israelitis
557 4005 747 4073 destinatam
765 4020 922 4080 venerant
942 4008 1009 4072 vid.
1022 4021 1088 4074 not.
1105 4001 1180 4074 ο13ι

51 4157 55 4164 .
79 4135 82 4138 ·
128 4106 181 4164 lb.
202 4101 254 4183 lta
271 4103 357 4170 hunc
378 4105 488 4173 locum
508 4109 575 4172 iam
593 4106 857 4195 Theophylaotus
878 4110 1106 4193 interpretatus
1128 4106 1187 4172 osb

126 4203 219 4267 onius
238 4204 339 4272 verba
359 4220 447 4273 sunt:
480 4205 528 4291 μή
552 4211 853 4299 συγκεκραμέυους,
875 4210 1026 4278 τουτέστι
1046 4211 1095 4298 μή
1117 4208 1195 4278 ἔνθ’
