2632 4740
120 296 205 366 γ174
463 286 715 364 circavi.
753 311 792 364 v.
822 299 854 364 1.

128 476 181 522 οοε
195 475 225 518 κ.
246 475 277 518 τ.
292 451 345 536 λ]
365 472 429 518 non
449 461 567 521 aterum
578 453 799 532 fondamento
813 478 935 541 porram
955 457 1119 524 trudendo
1137 459 1185 524 do

130 563 267 622 etr-eoum
286 554 333 649 de
351 555 460 623 reditu
482 577 504 619 ο
528 556 716 634 malefactor
733 565 893 623 micerium
914 557 1129 639 offlrentidur
1151 579 1185 624 ar

110 654 292 728 'virtutem
350 650 548 719 Nominatim
583 657 689 721 attulit
720 659 859 742 scriptor
889 661 994 744 prima
1021 658 1185 744 religionit

130 757 324 822 christianae
339 753 509 838 elementa,
531 756 695 844 doctrinas
711 779 794 845 quae
805 759 900 821 initio
916 757 1101 824 christiania
1115 780 1183 845 pro-

126 857 348 947 ponebantur,
383 876 488 943 neque
507 867 617 923 tamen
639 859 760 924 diserta
786 861 1052 923 commemoravit
1073 860 1180 924 doctri·

127 981 204 1024 uam
225 979 309 1044 qnae
330 959 366 1020 in
383 950 497 1043 primis
514 958 717 1041 tradebatur,
752 959 861 1024 Iesum
879 961 919 1023 in'
939 981 1067 1027 crucem
1084 974 1177 1026 actum

129 1082 204 1125 esse
223 1058 400 1140 Messium,
429 1057 545 1125 salatia
566 1072 729 1124 auctorem
750 1081 782 1124 v.
803 1066 819 1124 1
840 1058 917 1126 Cor.
933 1065 984 1141 15,
1000 1068 1031 1127 3.
1045 1071 1079 1128 4.
1120 1057 1176 1125 de

77 1194 80 1203 ¹
126 1162 224 1228 huius
235 1159 400 1224 doctrinae
415 1161 481 1224 iam
495 1161 529 1222 in
543 1162 742 1246 antegressis
755 1163 876 1225 mentio
888 1160 975 1225 facta
989 1174 1070 1245 erat,
1087 1178 1177 1248 eaque

126 1258 386 1351 insequentibus
401 1255 542 1347 τελείοις
555 1263 785 1326 convenienter
799 1248 991 1346 exponitur,
1022 1272 1056 1325 et
1068 1280 1173 1327 memo·

126 1367 215 1431 ravit
228 1373 340 1426 noster
355 1359 506 1426 fiduciam
520 1363 557 1426 iu
567 1359 642 1426 Deo
659 1361 879 1427 collocandam
892 1358 1009 1428 πίστιν
1022 1362 1077 1427 ἐπὶ
1093 1355 1170 1441 θεὸν,

37 1464 39 1469 ’
128 1463 188 1533 aed
206 1465 289 1529 baec
309 1461 428 1526 fiducia
443 1480 540 1550 quam
550 1461 672 1550 religio
689 1463 865 1529 christiana
877 1463 1082 1550 requirebat,
1110 1481 1170 1526 com

54 1554 79 1601 ”
125 1571 241 1634 iuncta
254 1575 326 1629 erat
344 1574 377 1627 et
390 1583 473 1627 ease
492 1562 633 1628 debebat
653 1585 727 1629 oum
750 1567 962 1650 persuasione
986 1561 1169 1630 lesumoo

126 1667 297 1734 Messium.
326 1664 491 1750 θεμέλιον
509 1667 642 1750 proprie
657 1665 805 1742 aedificii
816 1665 1066 1744 fundamentum
1081 1662 1180 1730 decln'

125 1781 178 1836 rat
190 1780 226 1832 ut
240 1790 293 1854 ap.
302 1765 392 1832 Xeu.
400 1764 444 1830 Η.
459 1765 516 1831 Gr.
526 1770 557 1848 5,
572 1772 603 1830 2.
610 1770 644 1831 5.
658 1763 794 1831 Herodi.
803 1772 834 1847 3,
849 1773 879 1833 3.
896 1773 947 1832 11.
969 1766 1166 1853 {crepuere

129 1879 180 1953 11,
195 1874 271 1934 2.1.
297 1867 379 1931 Luc.
396 1873 428 1949 6,
443 1874 497 1934 48.
514 1866 557 1930 al.
587 1866 726 1952 Saepius
744 1879 851 1933 autem
866 1869 1044 1953 improprie
1057 1866 1167 1953 ponitur

125 1969 288 2038 Plutarch.
298 1969 337 2047 E.
352 1967 417 2033 ΡΡ.
435 1989 463 2033 ο.
481 1969 656 2034 tardiori
672 1967 731 2032 καὶ
741 1965 851 2054 γήρως
863 1968 1027 2052 θεμέλιον
1040 1968 1076 2034 ἓν
1090 1963 1167 2032 παισί

123 2072 145 2156 ἡ
160 2073 227 2139 τῶν
238 2068 401 2153 σωμάτων
415 2065 526 2146 εὐεξία
537 2090 706 2158 corporum
718 2076 752 2134 r'n
762 2067 1034 2152 puerirfirmdm
1047 2066 1167 2147 ertffar

125 2181 305 2244 dementum
319 2169 421 2237 donce
432 2161 608 2236 senectutis
624 2169 699 2234 add.
715 2168 837 2254 presss
851 2173 882 2248 2,
897 2175 949 2234 20.
991 2170 1043 2236 Ita
1059 2181 1168 2257 quoquo

123 2277 236 2341 Latini
249 2269 503 2358 loquunnncic.
517 2292 578 2356 pro
592 2270 768 2336 Plano-12·
789 2277 946 2335 uirtutum
959 2279 1093 2343 οοαεελαο
1103 2267 1168 2348 fm-

124 2383 304 2446 dementum
318 2380 442 2458 pietur.
463 2393 525 2458 pro
539 2373 632 2437 Sext.
646 2377 677 2438 5.
703 2391 767 2436 nort
786 2373 964 2454 aggredior
980 2373 1026 2436 cd
1043 2375 1100 2436 r'llu
1115 2388 1169 2434 aa·

122 2486 216 2551 ximo
230 2485 264 2540 et
279 2478 471 2560 ampliatione
482 2483 596 2558 proice,
618 2495 710 2562 quum
724 2475 880 2553 docuero,
903 2471 1014 2558 quibus
1028 2477 1125 2538 initiis
1137 2488 1169 2536 ac

115 2580 345 2662 fondamentis
365 2573 428 2639 bae
446 2583 563 2641 tantae
583 2573 866 2641 remoraretur
885 2575 998 2638 lauder
1016 2579 1169 2638 excitatae

121 2688 208 2748 suot.
250 2673 373 2740 Nostro·
385 2671 459 2738 loco
473 2674 514 2737 de
527 2676 641 2759 primis
654 2673 824 2760 religionis
839 2673 1019 2757 elementia,
1034 2672 1169 2759 primaiu

121 2767 283 2865 religione
303 2774 478 2840 christiana
496 2777 697 2850 incuratione
717 2775 896 2842 adhibitum
911 2786 1020 2857 extat,
1043 2773 1185 2839 utRom..

123 2888 176 2963 15,
192 2885 245 2945 20.
270 2862 423 2959 acone,
440 2883 490 2942 10.
520 2875 629 2940 Etiam
638 2875 776 2942 'verbum
790 2871 1080 2960 καταβάλλεσθαο
1090 2894 1168 2939 usur·

121 2993 218 3069 patur
230 2976 523 3056 defundcmeotia,
542 2998 628 3063 ‘quoe
646 2977 796 3056 oedfficr'o
812 2978 1012 3043 exomendo
1018 2978 1168 3066 pomtntt't'

121 3081 254 3166 Ioseph.
268 3080 345 3143 Ant.
361 3085 412 3160 15,
427 3084 478 3141 11.
493 3084 523 3143 3.
535 3077 672 3144 ἀὀελών
686 3078 725 3145 δὲ
739 3077 817 3152 τούς
832 3074 992 3164 οίρχαίους
1004 3073 1168 3165 timidone

123 3179 425 3267 καταβαλλόμενος
443 3176 573 3264 ἑτέρους
580 3224 593 3260 ,
614 3176 665 3256 ἐπ’
685 3175 797 3244 αὐτῶν
811 3176 872 3243 τὸν
891 3175 975 3244 ναόν
990 3175 1096 3264 ἔγειρε
1114 3175 1172 3239 rid·

120 3283 282 3354 Krebrr‘cr
299 3280 535 3346 etPolcr‘retcr
557 3278 598 3341 ad
619 3279 652 3343 h.
669 3276 692 3343 l.
706 3277 776 3343 Cic.
794 3280 836 3343 ad
853 3277 932 3346 Diu.
955 3285 1006 3359 12,
1027 3285 1080 3345 25.
1098 3278 1168 3359 fou·

14 3416 16 3422 ·
98 3457 101 3462 ,
121 3390 273 3453 dumento
284 3380 479 3466 reipublicae
491 3386 564 3445 teci.
585 3378 728 3465 Philipp.
741 3387 771 3460 1,
786 3381 816 3446 1.
837 3387 990 3465 qrcontum
1005 3385 1039 3443 εά
1052 3376 1167 3455 arefioi

119 3495 186 3553 r'ece'
196 3484 417 3563 fundamento
432 3486 537 3564 pacit.
601 3477 655 3543 De
677 3501 758 3544 voco
779 3477 942 3565 μετοίνοια
963 3479 1031 3545 vid.
1055 3491 1116 3544 not
1133 3473 1166 3539 ad

120 3586 238 3653 Matth.
258 3589 345 3664 3,2.
394 3580 488 3644 Hanc
512 3580 686 3644 doctrinam
706 3582 747 3646 de
770 3570 868 3645 animi
891 3581 1113 3645 emendatione
1133 3573 1165 3641 ad

119 3685 290 3773 religionis
306 3681 500 3745 christianae
517 3679 676 3746 elementa
693 3686 891 3771 pertinuisse
908 3680 1021 3767 plures
1039 3680 1104 3746 loci
1120 3677 1163 3740 do·

122 3801 196 3854 cent
214 3810 246 3852 v.
264 3783 491 3863 Marc.1,15.'
511 3780 592 3845 Luc.
605 3788 636 3864 3,
654 3789 684 3848 3.
706 3785 780 3850 Act.
795 3792 826 3866 2,
840 3792 891 3852 38.
923 3776 1161 3872 ἕρμαειιοιιοε·

26 3889 29 3894 ’
118 3891 250 3968 lefacta,
268 3896 303 3949 ut
320 3885 476 3948 orationis
492 3893 663 3947 contextus
682 3884 840 3961 declarat3
860 3908 919 3971 per
934 3896 1104 3968 metonym.
1117 3898 1159 3958 rc·

120 4003 232 4056 cantur
245 3984 365 4074 νεκροί,
386 3995 544 4072 quatenus
558 3996 695 4048 mortem
713 3987 869 4068 afferunt,
896 3986 1061 4051 hominem
1073 3978 1159 4050 infeli·

120 4114 191 4157 cem
203 4090 357 4167 reddunt,
388 4097 424 4148 ut
444 4091 475 4164 9,
493 4091 543 4148 14.
560 4083 634 4148 coll.
651 4092 701 4168 10,
722 4085 1058 4167 cardamomo.
1086 4085 1157 4150 arc

119 4198 160 4279 6',
182 4200 235 4262 23.
297 4187 440 4257 Mortem
456 4184 621 4254 Hebraeis
640 4188 814 4276 imaginem
839 4187 1040 4258 infelicitatis
1064 4188 1155 4258 fuittb
