2604 4746
388 299 546 374 Carus
572 265 648 376 ΙΧ.
681 324 717 376 v.
744 304 804 376 25.
1056 264 1128 383 325

87 461 154 547 quod
170 483 202 527 v.
221 468 271 526 12.
293 459 509 550 εἶσὲρχεσθαι
531 460 580 541 εἰς
605 464 649 531 τὰ
668 460 751 546 ἅγια
773 462 830 530 δνσὶ
853 463 912 530 τοῦ
925 460 1010 530 ἰδίου
1024 459 1130 550 utipa-

87 586 136 639 τος.
182 562 399 648 Comparatur
413 568 497 645 enim
514 564 664 633 Christus
684 586 754 629 cum
768 563 921 649 pontifice
937 564 1011 630 coll.
1027 589 1058 629 v.
1076 575 1128 632 24.

87 671 125 726 12.
135 665 211 728 add.
228 678 295 729 not.
310 667 351 729 ad
362 673 398 747 ·8,
416 672 446 729 1.
475 656 530 752 qui
553 688 624 729 cum
645 667 794 729 victimae
821 666 977 749 sanguine
1000 667 1128 748 adytum
1186 664 1188 669 ’
1222 696 1226 701 ·

87 756 181 851 ampli
202 764 360 846 intrabat,
391 781 423 831 et
443 765 577 830 verbum
599 752 801 850 προσφέρειν
820 764 939 829 diserte
960 765 1129 829 adhibetur

87 866 106 929 ie
123 865 282 952 pontifice
305 868 495 950 sanguinem
516 869 665 930 victimae
688 867 890 943 offerentem,
906 869 937 930 7.
958 877 991 928 et
1015 865 1129 930 ultima

87 966 169 1030 arba
181 965 278 1030 huius
293 987 324 1028 v.
338 965 461 1052 liquido
476 967 602 1047 docent,
625 966 665 1029 de
681 964 802 1029 Christi
818 967 851 1027 in
865 962 990 1029 coelum
1003 968 1128 1051 ingres,-

87 1088 104 1128 u
120 1089 306 1130 sermonem
319 1089 393 1131 esse
409 1066 523 1131 colhv.
534 1072 585 1131 26.
599 1068 668 1130 init.
713 1064 857 1150 Opponit
870 1067 1018 1148 scriptor,
1041 1067 1129 1150 (ver-

87 1165 321 1232 ›afflabat-cta
334 1174 407 1231 mea
421 1167 529 1252 facia)
550 1166 581 1230 h.
596 1164 619 1230 l.
642 1164 765 1243 Christi
785 1164 982 1230 oblationem
1001 1169 1128 1250 ingres·

87 1271 115 1332 ui
130 1267 299 1354 pontificis
314 1270 350 1331 iu
365 1267 517 1331 Sanctum
530 1260 720 1330 Sanctorum
738 1287 811 1330 cum
830 1270 986 1350 sanguine
1009 1267 1128 1347 alieno,

88 1379 159 1454 tque
177 1368 292 1431 eodem
306 1368 402 1431 mode
418 1368 495 1440 dicit
510 1368 673 1432 Christum
688 1367 907 1450 comparuisse
922 1389 1029 1432 coram
1041 1367 1126 1449 Deo,

87 1481 251 1554 agressum
268 1489 341 1531 esse
355 1467 491 1548 coelum,
513 1491 575 1533 νυνι
587 1479 623 1532 ut
640 1475 816 1551 saepefatae
838 1467 979 1546 offerret
999 1467 1032 1532 h.
1049 1492 1077 1533 e.
1093 1483 1128 1532 ut

87 1568 191 1635 telum
205 1570 374 1653 ingressus
391 1569 500 1632 denuo
512 1567 733 1652 egrederetur,
754 1578 786 1630 et
802 1572 837 1629 in
856 1578 974 1632 terram
990 1568 1126 1638 descenae

87 1660 301 1755 treg'ibique
325 1689 436 1732 rursus
459 1681 495 1730 ut
515 1670 645 1731 victima
670 1667 886 1746 occideretur,
909 1680 943 1731 et
959 1669 1072 1735 'denuo
1092 1673 1127 1733 in

87 1771 163 1835 itam
187 1783 377 1849 revocatus,
413 1772 543 1855 saepius
568 1788 603 1830 se
625 1769 659 1830 in
684 1766 884 1841 coelisDeo
904 1769 1047 1834 offerret.
1089 1770 1128 1836 In

87 1891 169 1958 oque
188 1869 329 1933 ostendit
352 1867 514 1934 Christum
537 1891 610 1932 esse
625 1920 627 1927 ,
641 1866 831 1932 dissimilem
855 1867 1002 1952 pontifici
1023 1892 1127 1957 eoque

87 1973 341 2049 raestantiorem,
364 1971 479 2053 primo,
507 1970 591 2056 quod
606 1969 756 2053 pontifex
768 1970 1004 2032 sanctissimum
1018 1971 1127 2054 ingre·

87 2080 195 2136 eretur
220 2092 291 2134 cum
314 2070 421 2133 alieno
444 2073 620 2155 sanguine,
641 2070 842 2131 victimarum
860 2081 956 2151 puta,
987 2082 1021 2132 ut
1043 2072 1125 2136 adeo

87 2170 145 2237 lius
169 2183 258 2235 esset
280 2170 451 2252 sacerdos,
488 2170 553 2233 alia
577 2171 722 2246 victima,
754 2167 915 2231 Christum
938 2182 1045 2235 autem
1066 2195 1126 2256 per

88 2273 232 2358 rcprium
246 2275 447 2355 sanguinem,
470 2285 505 2334 ut
523 2270 605 2332 adeo
620 2268 773 2331 sacerdos
788 2271 830 2330 sit
844 2268 930 2333 idem
945 2290 1014 2334 cum
1029 2274 1122 2336 victi·

87 2393 122 2440 ιι.
146 2429 148 2433 ,
168 2371 297 2435 Deinde
314 2373 399 2461 quod
412 2372 561 2455 pontifex
576 2369 695 2433 Sancta
705 2371 884 2452 ingressae,
901 2391 1013 2434 rursus
1028 2392 1122 2456 egre-

87 2473 223 2551 iebatur,
246 2484 282 2534 et
295 2470 379 2534 hunc
400 2474 587 2556 ingressum
604 2482 636 2533 et
656 2490 821 2554 egressum
843 2475 1012 2556 quotannis
1030 2496 1125 2559 repe·
1190 2554 1192 2559 Ι

87 2572 161 2655 that,
183 2573 330 2657 adeoque
350 2576 480 2657 saepius
505 2569 758 2657 ingrediebatur,
781 2568 930 2634 Christus
952 2584 1058 2638 autem
1072 2597 1125 2638 sc-

87 2675 123 2740 tel
152 2685 289 2737 tantum.
320 2670 437 2736 ἑαυτόν
460 2685 510 2747 est
534 2673 578 2736 id.
601 2671 652 2759 qd.
677 2667 716 2735 τὸ
741 2669 828 2737 ἴδιον
850 2661 935 2755 αἷμα
956 2680 1061 2753 9,12.
1090 2675 1125 2740 ἐν
1227 2678 1248 2691 ’“

87 2768 183 2860 ipati
195 2770 365 2859 ἀλλοτρίῳ
380 2795 446 2837 cum
466 2783 622 2855 sunguine
641 2775 765 2836 alieno:
787 2771 821 2836 ἕν
839 2793 907 2836 oum
926 2792 1023 2856 supra
1046 2796 1076 2837 v.
1092 2781 1124 2838 7.

87 2870 236 2961 ν’χωρίς.
290 2873 494 2958 Praepositio
527 2873 561 2939 ἐν
581 2870 750 2935 vocabulis
773 2893 923 2953 onerum,
954 2895 1123 2957 armorum,

87 2978 213 3054 estium,
237 2977 334 3038 etiam
351 2976 505 3055 uirtutum
521 2974 747 3059 decorumque,
769 2974 917 3035 vitiorum
938 2986 970 3035 et
985 2974 1124 3038 dedece-

87 3097 138 3159 tm,
164 3077 212 3139 ita
223 3077 375 3160 iungitur,
398 3086 434 3136 ut
450 3075 592 3160 exprimi
606 3072 723 3136 Latine
744 3073 814 3135 fere
830 3070 946 3135 debeat
970 3086 1001 3136 et
1018 3079 1124 3159 possit

87 3178 240 3260 irticipiis
253 3173 436 3253 verborum,
458 3196 541 3259 quae
558 3176 623 3236 sint
636 3185 768 3235 naturae
781 3166 899 3253 rerum,
922 3161 1124 3260 quae'nomi-

87 3279 155 3343 thus
178 3274 247 3338 illis
270 3265 502 3360 significantur,
526 3272 785 3351 accommodata,
804 3271 858 3336 vel
885 3261 1128 3360 praesentibus„

87 3379 110 3444 ιΙ
128 3374 336 3464 praeteritis,
358 3373 443 3459 quod
464 3395 566 3457 genus
591 3377 730 3453 trudatur,
751 3377 930 3458 praeditur,
953 3384 1122 3458 taricheas,

87 3493 208 3558 tutans,
228 3479 352 3564 polleat
365 3474 429 3536 vid.
445 3474 620 3562 dimiteret
632 3470 824 3537 Animadvvr
840 3472 882 3541 ad
898 3474 1029 3542 Weller.
1045 3478 1123 3544 Vol.

87 3579 149 3645 .P‚
174 3584 216 3640 2.·
232 3598 266 3662 p.
291 3582 363 3641 138.
394 3573 484 3637 Idem
506 3573 546 3637 de
568 3572 669 3638 Vitiis
692 3573 804 3638 Lexx.
826 3571 869 3637 N.
891 3572 931 3638 Τ.
950 3599 983 3660 p.
998 3583 1059 3642 369
1073 3601 1122 3667 sq.

94 3679 201 3764 Regg.
220 3685 249 3758 1,
266 3680 316 3743 25.
333 3674 439 3758 α’νὲβη
453 3674 488 3739 ἐν
500 3671 615 3763 μόσχῳ
626 3686 759 3757 gestant
772 3678 917 3741 uitulum
927 3679 1001 3742 add·
1016 3679 1122 3743 1Chr.

87 3784 161 3860 i‚8.
190 3786 208 3844 1
225 3777 329 3842 Maec.
345 3783 376 3858 1,
393 3780 441 3839 17.
462 3776 521 3839 καὶ
543 3771 708 3856 εἰσῆλθεν
726 3771 776 3852 εἰς
789 3775 966 3858 Αἴγυπτον
980 3777 1021 3846 ,ἐν
1036 3774 1122 3871 ὄχλῳ

87 3881 173 3965 apri,
195 3877 231 3943 ἐν
248 3869 390 3965 ἅρμασι,
410 3875 469 3939 καὶ
483 3876 518 3942 ἐν
530 3876 683 3965 ἐλέφασι,
704 3877 763 3941 καὶ
782 3875 818 3941 ἐν
842 3878 985 3950 ἱππεῦσι,
1007 3882 1067 3943 καὶ
1087 3881 1123 3944 ἐν

87 3978 171 4069 ’σόλῳ
185 3976 332 4067 μεγάλῳ.
357 3974 579 4043 Gallinam
595 3977 694 4042 Dian.
709 4000 740 4042 v.
756 3980 829 4047 241.
856 3976 1040 4042 Amazones
1056 3980 1122 4044 sal-

87 4086 149 4142 tsse
171 4080 318 4143 dicuntur
348 4076 383 4141 ἐν
402 4076 577 4150 σακέεσσιν
597 4087 697 4146 scottis
718 4086 908 4158 instructoe,
931 4076 964 4141 h.
987 4079 1022 4141 in
1043 4077 1120 4152 Del.

87 4184 121 4245 4.
137 4177 224 4248 Mars
238 4171 354 4249 dicitur
371 4177 488 4244 sedens
502 4180 537 4246 in
551 4201 675 4248 summo
690 4183 810 4247 vertice
826 4177 944 4245 Haemi
957 4177 992 4245 ἐν
1008 4175 1120 4249 ἔντεσι
