2632 4740
7 254 10 259 ⁵
112 252 210 359 180,
360 252 870 357 ,·GarurX1.v.1.'2.
994 244 999 253 ’

115 439 241 507 Christi
256 420 401 525 'cultores
426 428 502 498 Deo
523 428 677 517 probari,¹
705 429 747 496 ah
772 452 883 521 ecqua
898 434 1059 521 praemiis
1073 437 1171 529 ‘ornari

64 602 68 613 ,
115 539 343 607 affirmaverat.
385 530 456 599 lum
480 531 704 597 admoniturus
729 530 872 607 lectores
897 534 942 598 ad
962 530 1063 601 fidem
1086 551 1171 620 porro

116 638 322 718 servandam,
347 647 383 701 ut
396 632 480 701 hanc
495 632 745 700 admonitionem
764 632 895 698 lucilius
911 644 1011 722 atque
1028 626 1172 700 libentius
1207 688 1212 701 .

38 724 57 763 ‘⁵
117 742 266 808 audirent
279 748 312 802 et
325 733 541 815 admitterent,
564 733 604 799 de
619 733 687 800 fide
702 737 838 822 eiusque
855 745 971 800 natura
992 748 1028 801 et
1046 735 1173 802 efficacia
1210 744 1212 761 '

1 910 2 914 ,
119 839 286 928 copiosius
308 835 372 900 hoc
394 834 429 898 in
451 836 555 920 capite
580 832 721 899 disserit.
764 832 813 899 Ac
833 838 941 922 primo
958 837 1090 925 quidem
1106 838 1173 903 fidei

87 978 91 985 ·
117 941 262 1011 indolem
276 933 431 1001 describit
444 955 477 999 v.
492 942 524 1000 1.
567 933 696 1000 Deinde
711 957 758 1001 ex
769 934 908 1001 historia
923 939 1033 1024 gentis
1047 930 1173 1003 1161661-

3 1084 6 1089 ·
78 1074 91 1091 =
120 1066 179 1111 cae
196 1040 407 1115 demonstrat,
428 1033 512 1099 hanc
526 1029 626 1099 fidem
643 1034 718 1100 Deo
731 1049 857 1123 grutam
878 1058 954 1101 esse
976 1049 1075 1125 atque
1095 1060 1174 1111 accc·

84 1118 101 1163 ⁰
119 1157 209 1232 ptam
221 1162 254 1206 v.
270 1146 301 1204 2.
316 1141 348 1202 6.
375 1134 416 1200 ah
433 1156 537 1223 eoque
550 1138 705 1221 praemiis
723 1139 832 1202 ornari
844 1139 989 1233 eximiis.
1033 1137 1110 1204 Nou
1127 1138 1172 1202 do·

118 1232 382 1320 cendi-tautum,
404 1237 463 1302 sed
484 1236 639 1302 monendi
662 1239 762 1303 etium
784 1250 818 1302 et
836 1238 1033 1305 cohortandi
1053 1238 1173 1305 consilio

123 1346 165 1410 ad
185 1344 344 1410 maiorum
366 1337 520 1425 exempla
542 1358 741 1423 provocasse
765 1343 975 1424 scriptorem,
998 1360 1019 1405 e
1042 1361 1113 1425 cap.
1134 1345 1172 1404 11.

92 1440 100 1509 .“
121 1445 274 1533 patescit,
295 1440 354 1505 uhi
375 1462 459 1528 quae
475 1435 601 1504 deiide
613 1442 796 1523 generatim
810 1440 874 1504 hoc
895 1442 931 1504 iu
953 1442 1062 1526 capite
1079 1441 1173 1527 dispu-

122 1548 216 1627 tavit,
228 1543 309 1610 fidei
321 1538 519 1605 christianae
537 1540 766 1605 accommodat.
809 1539 983 1627 Sapienter
1000 1554 1109 1608 autern
1119 1544 1173 1627 epi·

124 1645 230 1713 stolae
257 1652 389 1721 auctor,
423 1652 460 1704 ut
481 1639 644 1706 lectorum
669 1643 794 1706 animm
814 1655 1041 1728 permoveret,
1070 1643 1111 1707 ad
1130 1641 1174 1707 illu

36 1780 39 1787 ·
123 1748 283 1812 maiorum
297 1739 452 1826 exempla
463 1743 673 1828 provocavit,
694 1763 816 1828 eosque
838 1734 880 1806 ad
901 1764 1018 1809 eorum
1039 1745 1173 1811 imitatio·

124 1868 201 1911 nem
216 1844 407 1911 exhortatus
426 1853 488 1925 est,
511 1844 664 1930 quoniam
686 1841 818 1908 Iudaeis
840 1863 940 1908 suave
962 1837 1061 1934 atque
1080 1849 1173 1911 iacun

94 2022 100 2039 Ι
125 1947 202 2011 dum
218 1955 297 2025 erat,
318 1943 395 2007 data
408 1946 521 2032 quavis
536 1943 719 2026 occasione,
741 1943 855 2031 populi
870 1946 921 2009 sui
938 1936 1011 2011 fata
1025 1958 1172 2034 repetere,

40 2070 56 2111 .·
127 2060 161 2117 et
175 2043 328 2134 quicquid
341 2046 500 2119 maiorum
513 2063 646 2109 suorum
660 2065 707 2109 ex
722 2047 811 2109 omni
830 2067 911 2109 aevo
934 2045 1113 2112 illustrium
1129 2068 1172 2111 no

109 2146 286 2228 minibus,
314 2147 523 2227 auctoritate,
551 2144 713 2232 exemplis
734 2147 992 2212 commendatum
1014 2161 1120 2233 esset,
1144 2146 1173 2212 li·

125 2247 242 2315 beuter
264 2243 486 2327 admittebant.
503 2266 535 2309 v.
550 2244 605 2309 Ps.
620 2250 677 2312 78.Ι
691 2248 764 2313 tot.
781 2251 853 2313 106.
871 2254 1034 2316 136136.
1063 2249 1121 2316 En.
1135 2253 1172 2315 10.

128 2350 193 2417 sir.
209 2353 242 2415 r.
258 2353 314 2428 44,
333 2343 453 2411 Aur.
470 2349 521 2427 13,
539 2349 580 2409 rr
595 2366 678 2434 sqq:
737 2352 740 2373 ²

36 2444 39 2449 ’
212 2455 243 2513 1.
265 2454 296 2510 2.
321 2444 385 2509 Per
399 2438 463 2521 τὴν
477 2441 589 2512 πίστιν
605 2445 638 2511 h.
652 2447 676 2512 l.
699 2466 765 2514 non
786 2440 988 2537 significatur
1014 2448 1132 2515 fiducia
1150 2451 1174 2513 ir

128 2547 252 2616 Christi
265 2557 368 2611 morte
389 2546 507 2629 posita,
531 2565 591 2612 neo
611 2548 782 2636 religionis
803 2551 999 2617 christianae
1018 2552 1174 2637 professio,

64 2676 68 2687 ¹
127 2649 187 2715 sed
200 2646 310 2712 latiori
325 2644 509 2731 significatu
524 2646 587 2713 hoc
601 2649 795 2715 vocabulum
807 2655 953 2734 sumitur,
974 2653 1035 2734 ita,
1055 2664 1092 2716 trt
1109 2653 1175 2717 indi·

127 2762 179 2815 cet
201 2748 327 2814 fflmam
350 2757 384 2809 et
409 2745 560 2813 stabilem
580 2751 843 2835 persuasionem,
882 2772 963 2815 vera
985 2774 1078 2837 esse,
1109 2775 1174 2841 qnae

126 2849 221 2916 Deus
239 2849 395 2928 docuerit,
416 2851 595 2932 monuerit,
609 2853 757 2925 ‚minatus
774 2853 832 2933 sit,
854 2855 1060 2937 promiserit,
1087 2852 1174 2942 qualis

126 2950 209 3016 fides
229 2963 377 3034 tempore
400 2947 445 3015 V.
469 2950 511 3016 Τ.
530 2951 638 3016 locum
667 2950 788 3017 habuit.
831 2952 985 3039 Inprimis
1008 2968 1129 3037 autem,
1151 2964 1175 3016 ut

1 3122 3 3126 ,
128 3050 281 3137 exempla
296 3052 466 3138 proposita
480 3053 606 3135 docent,
629 3063 792 3141 spectatur
810 3051 893 3118 fides
908 3072 1065 3142 respectu
1087 3077 1175 3129 rerum

125 3151 317 3243 futurarum,
338 3150 421 3217 fides
435 3156 606 3239 promissis
622 3155 742 3218 divinis
764 3151 885 3235 habita,
908 3168 942 3219 61
959 3155 1051 3222 laeta
1072 3177 1174 3235 eorum,

17 3259 28 3279 ·’
50 3252 60 3267 ’
127 3271 211 3338 quae
225 3247 318 3313 Deus
338 3248 399 3315 rios
423 3264 557 3339 sperare
579 3252 679 3336 iubet,
694 3258 923 3338 exspectatio3
948 3255 991 3322 de
1012 3258 1065 3323 his
1087 3271 1175 3322 auten

124 3351 329 3436 potissimum
344 3372 451 3418 sermo
468 3348 530 3436 est,
553 3356 630 3443 quia
643 3375 720 3440 spes
744 3354 996 3423 christianorum
1018 3362 1174 3445 praecipua

126 3451 333 3516 eratreditus
352 3450 475 3518 Christi
497 3456 538 3520 ad
561 3457 656 3541 regni
680 3456 732 3518 sui
753 3451 1049 3542 inaugurationem,
1089 3459 1174 3523 Parti·

27 3592 30 3597 -
125 3550 198 3617 cula
214 3551 252 3618 δὲ
263 3551 299 3616 h.
315 3549 339 3616 l.
354 3564 390 3616 ut
405 3576 505 3640 supra
530 3560 579 3637 10,
597 3561 650 3621 38.
668 3557 736 3618 vim
756 3553 854 3619 hahet
872 3563 1066 3625 transeundi
1083 3572 1114 3625 et
1133 3578 1175 3621 co·

124 3651 269 3740 pulandi.
292 3647 367 3718 ἔστι
380 3653 452 3735 diri
471 3651 591 3737 πίστις,
612 3654 837 3741 ἐλπιζομένων
858 3653 1048 3738 rinocruram
1062 3685 1090 3728 κ.
1102 3683 1128 3726 τ.
1138 3655 1173 3740 i]

123 3765 175 3821 ert
190 3767 296 3822 cutem
309 3752 412 3836 fider,
426 3754 532 3835 firmo
551 3762 756 3843 exspectatio
777 3777 885 3821 rerum
908 3781 994 3844 quae
1018 3779 1171 3848 sperones,

1 3905 3 3912 o
122 3865 159 3922 ct
176 3861 447 3940 certopersuare'o
472 3859 513 3922 de
532 3858 628 3924 rebor
651 3878 733 3943 quae
751 3877 814 3922 noo
835 3869 1025 3943 coronatur,
1045 3859 1171 3928 indoto-

81 3959 84 3963 ’
122 3976 176 4031 σις
191 3953 339 4020 nonnulli
352 3966 496 4027 vertuntr
509 3944 770 4039 fundamentum,
791 3979 822 4023 v.
841 3970 908 4023 not.
927 3962 1021 4045 ad3,
1038 3971 1086 4030 14.
1112 3959 1170 4026 Ple·

8 4091 12 4095 ·
119 4056 213 4141 rique
229 4072 301 4121 cum
318 4053 464 4142 Vulgata
479 4060 667 4144 interprete,
679 4057 923 4141 'Chrysostomo
946 4076 981 4127 et
998 4063 1168 4130 Theodore-

118 4167 164 4238 to,
184 4155 376 4240 substantia,
398 4159 552 4242 essentia,
575 4159 610 4225 id
631 4158 718 4249 quod
736 4180 816 4226 vere
840 4163 968 4248 existit,
991 4172 1065 4234 cirre
1086 4162 1166 4232 reelt
