2632 4740
422 286 582 363 Curur
607 287 652 360 V.
686 309 723 360 v.
749 290 784 359 6.
812 295 845 360 7.
1022 248 1024 253 ⁸
1097 296 1168 364 157

101 452 122 517 Ι.
150 453 349 537 interpretes
374 453 519 518 nonnulli
538 470 613 519 voc.
638 451 734 532 τάξις
762 474 803 516 eo
825 449 1007 540 significatu
1026 457 1171 540 positum

103 574 176 617 asse
193 562 338 617 statuunt
350 565 385 614 ιιι
402 553 532 618 denotet
549 557 708 635 ordinem,
729 557 885 643 ιιιιιιιιιι.Ι
925 553 992 619 Sed
1006 552 1046 616 de
1060 552 1167 620 elassa

105 653 246 739 quadam
264 651 456 717 sacerdotali
463 651 635 740 ,colligio
652 653 771 751 aliquo,
794 668 849 719 aut
866 667 955 719 certa
966 653 1100 737 familia,
1115 657 1167 718 oui

108 774 182 837 prae
209 756 348 817 caeteris
373 748 586 818 sacerdotium
612 742 836 831 demandatum
856 755 968 836 fuerit,
1002 766 1039 818 ut
1060 757 1166 819 ordini

110 850 291 916 hatonish.
300 851 324 916 l.
333 873 450 918 nomen
464 851 556 933 τάξις
567 857 671 940 accipi
681 852 802 941 nequit,
815 856 951 920 historia
966 857 1062 936 enim,
1079 857 1167 944 quod

113 951 380 1041 Melchisedecum
400 957 529 1037 attinet,
558 955 619 1018 hac
633 954 673 1018 de
688 976 725 1018 re
740 955 816 1019 silet
832 977 864 1020 v.
877 962 909 1038 7,
930 961 961 1021 3.
977 969 1010 1019 et
1023 956 1116 1021 Iesus
1131 960 1166 1020 in

117 1074 150 1116 eo
167 1075 186 1116 a
203 1052 637 1138 Iudaeorumlsacerdotibus
658 1056 806 1124 diversus
826 1075 901 1120 esse
918 1056 1049 1139 dicitur,
1080 1059 1167 1146 quod
1232 1146 1236 1153 1

118 1173 171 1215 ιιι
184 1152 283 1216 fuerit
297 1155 448 1220 sacerdos
462 1167 573 1235 natus,
593 1175 665 1245 ,non
680 1175 698 1218 e
715 1152 819 1223 classe
831 1157 1051 1240 sacerdotum,
1074 1158 1133 1222 sed
1146 1181 1166 1222 e

120 1251 265 1334 flavidis,
293 1274 358 1318 non
370 1253 509 1319 Aaronis
531 1255 656 1321 familia
676 1267 782 1335 ortus,
811 1269 845 1319 et
866 1256 1092 1322 nihilosecius
1116 1271 1166 1322 ta-

115 1373 180 1418 -nen
195 1376 216 1418 a
233 1351 308 1417 Deo
328 1357 518 1419 constitutus
532 1356 706 1442 pontifex,
740 1367 774 1421 et
793 1357 921 1442 quidem
940 1359 1092 1443 pontifex
1113 1382 1164 1424 re·

124 1457 193 1541 giam
208 1465 404 1539 potestatem
421 1454 561 1537 habens,
589 1467 624 1518 ut
637 1455 908 1522 Melchisedecus.
955 1457 1087 1523 Rectius
1101 1463 1165 1546 igi·

125 1565 162 1618 tur
174 1553 230 1618 alii
246 1554 348 1619 verba
369 1554 457 1620 κατὰ
478 1556 541 1635 τήν
561 1553 660 1634 τάξιν
672 1556 875 1640 Μελχισεδὲκ
894 1557 1167 1628 reddideruntsad

126 1664 262 1721 ιιιιιιιιιιι
283 1657 339 1721 Mc
340 1655 552 1732 lchc'sedeca'h.
568 1679 597 1720 e.
609 1655 849 1724 Melchisedeco
866 1655 1090 1755 similis(7,1.
1106 1663 1164 1747 3),
1270 1742 1273 1746 Δ

129 1759 229 1842 etipse
246 1759 385 1842 scriptor
404 1756 486 1820 haec
501 1754 645 1838 sothai,
660 1763 711 1822 15.
727 1756 801 1821 coll.
814 1779 846 1820 ιι.
862 1762 912 1821 17.
917 1758 1171 1876 interpretatus-

129 1856 281 1921 estverbis
296 1854 373 1921 κατ’
384 1853 570 1942 ὁμοιότητα
586 1839 805 1943 Μελχισεδέκ.
827 1881 874 1934 εις
888 1856 947 1925 τὸν
963 1856 1070 1927 ιιιῶιιιι
1079 1885 1164 1963 pon·
1260 1870 1285 1920 ss

129 1958 201 2035 lifes
219 1956 444 2043 perpetuush.
463 1980 492 2022 e.
513 1960 542 2021 si
564 1978 694 2022 sensum
717 1970 918 2042 spectamus,
944 1961 979 2022 in
999 1973 1164 2028 aeternum
1259 2040 1269 2047 .

129 2070 219 2123 unctor
238 2057 352 2135 salutis
374 2056 531 2123 cultorum
552 2079 682 2126 suorurn
703 2058 778 2123 coll.
799 2080 831 2124 v.
846 2064 877 2134 9.
919 2056 971 2122 De
988 2058 1164 2127 Melchise-

117 2159 188 2222 'deco
201 2158 267 2223 vid.
280 2170 347 2223 not.
361 2157 402 2220 ad
416 2163 448 2239 7,
465 2166 504 2223 1.·
1085 2191 1088 2195 ·

191 2265 227 2324 7.·
244 2259 418 2323 Monuerat
438 2262 576 2345 scriptor
597 2282 629 2326 v.
646 2267 677 2343 5.
704 2262 894 2327 lesnntnon
914 2261 978 2326 sibi
994 2285 1163 2350 arrogasse

111 2361 268 2446 pontilicis
283 2360 485 2444 dignitatem,
508 2361 567 2424 sed
581 2359 687 2426 Deum
702 2363 767 2446 ipsi
782 2384 853 2425 eam
868 2362 1020 2441 tribuisse
1035 2386 1068 2429 v.
1085 2372 1116 2430 5.
1132 2374 1173 2432 6.·
1246 2416 1249 2423 .

127 2458 179 2525 lam
192 2461 287 2525 docet
303 2482 401 2547 quare
418 2483 490 2525 eum
507 2460 599 2526 Deus
616 2462 801 2551 pontificem
818 2475 849 2527 et
863 2486 974 2549 regem
989 2469 1164 2530 constitue-

127 2563 168 2644 rit,
186 2561 338 2626 videlicet
339 2572 538 2651 propterea,
557 2573 603 2643 ut,
623 2572 793 2648 postquam
807 2578 943 2634 mortem
956 2577 989 2628 et
1005 2569 1164 2631 cruciatus

126 2682 282 2749 perpessus
304 2672 406 2742 esset,
444 2673 537 2756 atque
556 2664 602 2726 ita
622 2663 837 2729 obedientlam
855 2663 929 2730 Deo
948 2668 1165 2753 praestitisset

127 2782 150 2828 ι
154 2771 204 2845 8
234 2765 274 2828 ad
295 2782 453 2826 summum
472 2760 637 2826 felicitatis
657 2763 821 2848 fastigium
843 2779 974 2830 evectus
995 2786 1026 2829 ιι.
1042 2773 1074 2831 9.
1087 2789 1165 2831 con·

128 2867 237 2929 stitutus
259 2885 333 2927 rex
342 2861 505 2927 hominum
523 2874 555 2926 et
573 2863 723 2947 pontifex
744 2863 895 2929 coelestis
910 2867 976 2930 vid.
990 2857 1057 2931 not.
1071 2868 1113 2930 ad
1132 2875 1164 2947 2

127 2970 151 3063 9.
169 2973 216 3032 19.
234 2974 267 3046 4,
292 2969 341 3028 16.
369 2961 525 3027 cultorum
545 2985 676 3027 snorum
700 2975 787 3027 esset
805 2965 917 3051 σωτήρ
937 2972 967 3046 6,
982 2969 1018 3031 9
1066 2965 1165 3032 Haud

126 3049 204 3146 pauci
232 3069 425 3148 interpretes
453 3073 596 3126 statuunt
620 3061 730 3126 verbis
758 3064 853 3130 huius
878 3085 994 3129 versus
1023 3067 1165 3133 describi
1210 3124 1214 3134 .

128 3163 232 3231 Christi
248 3165 486 3243 sacerdotium,
520 3176 552 3226 et
572 3185 643 3227 cum
663 3163 827 3249 pontificis
848 3164 946 3228 fuerit
965 3187 1025 3250 pro
1042 3167 1163 3251 populo

129 3265 290 3350 supplicare
306 3263 396 3338 Deo;
424 3267 669 3328 commemorari
685 3264 808 3329 Christi
819 3286 952 3349 preces,
975 3263 1090 3352 quibus
1103 3289 1163 3351 pro

130 3361 277 3452 discipulis
283 3412 299 3446 ,.
316 3362 492 3428 cultoribus
507 3367 574 3427 suis
588 3363 658 3428 Ioh.
677 3370 726 3429 17.
742 3367 935 3450 omninoque
951 3372 1010 3450 pro
1025 3365 1164 3431 homini·

129 3458 173 3528 hos
183 3465 288 3530 Deum
307 3466 433 3529 adierit.
475 3464 569 3528 Hanc
589 3483 668 3528 vero
687 3466 982 3549 interpretationem
996 3469 1068 3551 ipse
1089 3489 1164 3532 con·

129 3573 219 3630 textus
233 3567 490 3631 inconcinnitatis
507 3565 628 3650 arguit,
655 3576 688 3628 et
703 3567 742 3629 de
756 3563 906 3649 precibus
923 3588 942 3629 a
957 3565 1087 3631 Christo
1103 3589 1164 3651 pro

128 3683 154 3726 se
163 3667 231 3751 ipso
247 3667 342 3730 factis
355 3686 536 3728 sermonem
552 3687 624 3728 esse
637 3667 740 3731 docet.
784 3663 879 3740 Quod
893 3688 963 3730 omn
974 3666 1075 3752 probe
1090 3688 1165 3749 per—

125 3769 271 3850 spicerent
292 3764 368 3845 alii,
398 3767 452 3853 qui
472 3776 578 3828 tamen
602 3768 699 3828 etiam
719 3777 868 3850 putarent
887 3766 967 3829 haec
983 3764 1088 3829 -verba
1109 3766 1164 3828 de-

123 3870 317 3953 scriptionem
332 3863 454 3928 Christi
467 3863 823 3954 pontificispontinere3
853 3866 1086 3932 accommodari
1103 3865 1165 3929 hoc

116 3965 182 4032 loco
199 3967 241 4030 ad
259 3965 420 4030 Christum
434 3964 679 4044 contenderunt,
709 3965 795 4052 quod
810 3969 960 4050 pontifex
973 3966 1165 4031 Iudaeorum
1235 4040 1237 4051 Ι

112 4069 161 4134 die
172 4064 372 4153 expiationis
385 4065 512 4131 solenni
525 4086 640 4150 preces
656 4063 806 4129 obtulerit
818 4089 884 4131 non
899 4079 1020 4131 tantum
1034 4087 1093 4150 pro
1105 4088 1164 4149 po·

102 4169 215 4262 pulo,
228 4167 288 4233 sed
301 4169 397 4233 etiam
411 4189 469 4254 pro
487 4189 521 4232 se
536 4167 609 4253 ipso
626 4164 699 4235 0011.
717 4189 749 4236 v.
764 4172 793 4235 3.
809 4169 953 4255 quamvis
970 4187 1034 4235 non
1053 4165 1165 4231 eadem
