2632 4740
129 308 205 379 cun
422 299 578 374 cinna
603 299 711 375 XII.
738 323 775 377 v.
802 309 837 374 7.
863 309 900 377 8.

128 470 197 533 tior
219 464 395 545 videretur,
418 463 601 550 corrigebat
625 464 662 532 ἐν
684 463 833 554 παιδεία.
880 466 1002 534 Verbo
1022 467 1183 557 σπομέναν

131 589 196 633 non
211 569 297 630 inest
312 565 402 628 notio
413 572 610 649 pateatne,
634 563 693 630 sed
707 564 865 632 παιδείαν
880 568 1062 653 ὑπομένειν
1076 571 1184 657 simpli·

133 673 213 734 citer
226 677 329 731 notat:
352 673 521 749 castigari,
544 674 788 750 castigationem
801 677 971 754 experiri,
992 674 1105 736 σννίαι
1123 684 1182 737 tra·

131 778 221 836 clari
232 771 255 832 i.
273 765 471 831 calamitates
487 767 644 851 perferre.
687 767 813 832 Etenim
829 790 895 832 non
911 774 1079 856 seqnitur:
1096 776 1123 836 si
1137 792 1181 835 eas

132 891 196 934 non
211 878 394 931 constanter
407 867 572 953 perfertis,
594 867 653 933 sed
664 888 695 930 v.
709 874 739 931 8.
755 865 892 952 legitur:
912 865 947 934 εἰ
961 873 1001 938 δέ
1009 868 1108 959 χωρίς
1120 871 1180 937 ἐστι

131 965 299 1047 παιδείας,
322 965 511 1032 confirmant
532 969 630 1031 etiam
655 966 740 1031 hanc
759 970 1065 1054 interpretationem
1087 971 1180 1035 ultima

132 1093 162 1135 v.
176 1076 207 1137 7.
222 1068 333 1132 verba.
356 1063 614 1155 προσφέρεσθαί
634 1089 703 1131 τινι
724 1081 879 1154 sequente
902 1071 1017 1141 dativo
1038 1092 1180 1156 personas
1209 1080 1211 1127 !

132 1173 277 1236 denotat:
299 1188 472 1251 regerere
497 1188 578 1250 erga
600 1170 752 1253 aliquem,
776 1178 925 1235 tractare
949 1175 1092 1257 aliquast
1109 1171 1178 1235 Xon
1208 1162 1211 1241 l

134 1271 240 1341 Anab-
257 1275 288 1348 5,
303 1273 398 1334 5.19.
421 1264 461 1334 οὐ
475 1266 541 1353 γάρ
554 1264 596 1343 ὥς
612 1266 721 1354 φίλιοι
735 1270 995 1356 προσεφέροντο
1010 1271 1106 1355 ἡμῖν.
1122 1270 1178 1354 Cyn

132 1381 163 1455 8,
180 1380 208 1437 1.
225 1378 277 1435 21.
294 1370 445 1452 ,τοῖςμδν
461 1366 504 1446 δὴ
514 1366 561 1451 μή
581 1369 745 1450 παροῦσιν
766 1360 852 1433 οὕτω
872 1373 1112 1459 προσεφέρετο.
1128 1371 1178 1435 He

132 1475 215 1538 rodi.
226 1480 256 1549 1,
268 1475 318 1535 1³.
328 1474 380 1533 14.
400 1465 546 1542 ἀσείστως
560 1468 780 1553 προσεφέρετο
792 1471 904 1534 πᾶσιν.
925 1471 1033 1536 Plura
1046 1469 1177 1556 exempla

4 1606 10 1615 ·
131 1580 365 1657 congesserunt
395 1570 603 1645 Wetstcniuc,
631 1568 990 1653 Kpplsius,ll1dutltius‚
1013 1572 1177 1637 Laesncm

132 1673 173 1737 ad
188 1672 220 1737 h.
235 1670 259 1734 l.
275 1669 348 1734 add.
372 1669 600 1751 Wesselingius
616 1668 658 1730 ad
669 1666 768 1731 Diod.
784 1669 850 1734 Sic.
873 1692 906 1754 p.
920 1677 998 1736 246.
1020 1673 1177 1756 Dresigitt

132 1774 172 1837 ds
190 1769 293 1836 Verb.
311 1768 400 1833 Med.
414 1787 447 1852 p,
462 1773 514 1832 24.
530 1772 602 1831 446.
621 1767 672 1830 ed.
686 1767 795 1834 itaci.
819 1769 996 1837 Caeterum
1017 1775 1106 1862 quod
1123 1794 1176 1837 ser·

18 1908 22 1921 ·
131 1873 266 1936 tentiam
286 1873 391 1954 ipsam
412 1867 445 1931 h.
468 1865 491 1931 l.
511 1866 670 1952 prolatam
692 1871 820 1951 attinet,
840 1871 892 1936 hic
911 1873 1071 1938 adiiciam
1093 1872 1176 1936 locun

130 1972 328 2037 luculentum
353 1968 499 2032 Senecae
523 1967 563 2030 do
583 1967 791 2034 Providentia
807 1994 835 2036 ο.
853 1979 881 2037 1.
900 1986 989 2038 extr.
1034 1973 1174 2040 Interls

132 2095 189 2140 nos
202 2079 288 2137 ciros
306 2090 346 2134 ac
360 2067 465 2132 Deum
478 2075 622 2134 natalia
635 2080 695 2150 ecl,
718 2075 909 2138 conciliante
929 2081 1069 2139 us‘rtule.
1110 2077 1174 2138 Ast

108 2215 112 2225 ·
132 2183 240 2241 citiam
253 2171 350 2238 dico?
371 2175 433 2234 imo
448 2176 546 2233 etiam
569 2175 769 2238 necessitudo
784 2183 818 2236 et
834 2178 1033 2241 similitudo:
1056 2183 1174 2261 ραοαίσ

132 2277 253 2364 quidest
269 2272 366 2336 banus
384 2276 454 2354 spese
469 2280 619 2353 tenpore
637 2282 762 2337 tanturn
775 2296 796 2338 a
813 2272 887 2339 Deo
901 2277 1038 2356 diffisa
1062 2280 1173 2361 disapt

131 2381 274 2454 lus'eius,
295 2372 533 2455 aemulatorque
550 2369 650 2454 [infra
663 2392 693 2434 v.
712 2377 762 2437 10.
785 2369 831 2448 είς
846 2372 887 2438 cd
904 2372 1173 2460 uecalastcictit

131 2473 311 2559 ἁγιότητος
333 2468 464 2557 citou,
487 2480 520 2534 et
543 2491 624 2535 cera
646 2481 841 2557 progenies:
868 2497 961 2560 quem
983 2477 1112 2562 parens
1138 2475 1173 2538 ue

130 2573 328 2658 magnificus,
349 2578 503 2636 uirtutum
517 2591 579 2634 scon
592 2573 671 2636 lenis
684 2585 835 2654 exactor,
848 2583 932 2639 sicut
946 2585 1170 2661 seuercpaua

130 2678 241 2741 durius
256 2675 382 2738 educat·
419 2671 539 2756 Itaque
554 2692 621 2734 σανα
634 2675 753 2738 videris
766 2674 861 2739 bonos
877 2682 966 2740 uiroc
982 2690 1169 2762 acceptosque

131 2780 204 2857 diis,
226 2774 388 2851 laborare,
411 2773 545 2847 sudare,
561 2792 626 2858 per
648 2776 782 2839 arduum
804 2778 993 2853 ascendere,
1017 2781 1117 2842 malos
1134 2795 1168 2839 ιν

130 2889 195 2944 tem
215 2880 376 2952 lasciuire,
399 2884 433 2937 et
454 2871 670 2957 voluptatibus
680 2875 811 2956 fluere:
837 2883 948 2957 cogita
966 2876 1117 2954 filioram
1132 2894 1167 2941 su

129 2978 283 3042 modestia
291 2978 459 3050 delectari,
467 2977 672 3038 uernularum
686 2978 818 3040 licentia
824 2999 837 3040 .·
857 2979 931 3041 illac
946 2980 1118 3064 discpilina
1128 2980 1166 3041 tsi

129 3082 227 3142 ctiori
235 3081 403 3154 coistineri,
425 3074 534 3138 lasum
549 3078 597 3139 ali
608 3077 786 3140 audaciam.
829 3075 922 3141 Idem
937 3076 1003 3141 tili
1014 3082 1056 3144 de
1068 3078 1163 3142 Decli

129 3186 236 3263 queat.
277 3173 399 3239 Bonum
417 3182 518 3239 cirum
532 3183 566 3239 iu
580 3179 701 3242 deliciis
716 3198 778 3242 scon
798 3177 894 3240 lsabet
913 3176 951 3261 [i.
969 3199 1039 3242 non
1054 3177 1163 3242 mollita

129 3276 277 3361 educat];
299 3282 481 3360 experitur,
502 3278 646 3356 indurat,
668 3277 730 3340 εισι·
740 3280 826 3342 s'llum
832 3289 1039 3362 praeparat.

214 3383 244 3440 8.
270 3373 310 3439 st
324 3384 428 3440 autem
449 3385 604 3460 expertes
626 3382 704 3441 estis
721 3384 958 3460 castigationis,
981 3385 1073 3445 cuius
1085 3376 1163 3464 γασσ-

130 3477 326 3562 espesfacti
339 3485 412 3540 sunl
428 3497 543 3556 amnes,
566 3484 710 3562 sequitur
734 3499 789 3542 uos
814 3499 883 3542 esse
900 3485 1044 3562 spissius,
1066 3469 1162 3551 nosf-

127 3579 196 3640 lios.
219 3570 251 3640 εί
265 3573 364 3661 χωρὶς
391 3570 468 3640 ἔστε
489 3574 648 3650 παιδείας
669 3579 698 3639 si
718 3585 796 3641 estis
816 3582 887 3642 sine
910 3578 1098 3662 disciplina,
1116 3578 1162 3638 siu

128 3699 191 3763 qua
207 3697 299 3739 nemo
317 3675 412 3739 facile
426 3679 553 3740 censeri
566 3689 672 3763 potest
685 3680 843 3762 genuinus
861 3676 931 3742 Dei
954 3679 1059 3743 filius.
1098 3676 1162 3743 Noc·

126 3775 207 3840 nulli
231 3775 311 3840 haec
336 3775 447 3856 verba,
469 3789 644 3861 praeeunte
666 3776 872 3842 Theodoreto
895 3773 947 3862 (εί
966 3778 1082 3846 τοίνυν
1094 3776 1162 3864 ὑμεῖς

126 3873 188 3951 τήν
203 3871 360 3941 παιδείαν
375 3873 554 3956 lecticae,
576 3877 842 3956 circunventum
860 3877 1005 3964 μερίδος
1020 3881 1106 3964 ἔστι)
1121 3897 1161 3941 er·

121 3975 257 4061 plicant:
281 3976 310 4038 si
324 3997 384 4041 vos
412 3976 645 4041 calamitatibus
667 3976 844 4042 subducere
867 3977 973 4045 vultis
991 4004 1019 4045 a.
1037 3980 1161 4045 subduci·

118 4079 171 4141 tis.
215 4077 282 4141 Sed
310 4076 391 4141 haec
411 4079 568 4141 sententia
589 4076 698 4141 verbis
725 4100 790 4142 non
810 4081 909 4143 inest.
959 4083 1096 4147 Sensum
1113 4077 1161 4141 loci

116 4174 200 4242 bene
218 4177 303 4243 hunc
321 4170 363 4242 ‘in
381 4177 512 4245 modum
534 4181 699 4265 expressit
713 4181 894 4268 Iaspctius:
917 4179 1075 4262 Proinde,
1095 4180 1160 4245 sis
