2604 4746
343 289 347 293 ⁶
384 294 542 403 Canur
577 323 721 404 1Χ.’ν.
752 333 806 401 12.
837 334 894 402 13.
1092 285 1166 429 309

114 492 158 558 uhi
177 514 208 558 v.
230 513 301 558 uos.
324 491 453 578 Ioseph.
477 492 553 559 Ant.
576 502 604 577 1,
621 503 671 562 19.
693 502 721 559 1.
752 491 892 558 ποὲπποο
913 488 1017 570 δόξαν
1043 491 1165 577 ἀρετῆς
1249 542 1255 548 -

120 592 247 679 μεγάλης
262 593 455 677 εὑραμένου.
497 593 659 679 Exempla
671 593 764 678 plura
777 596 851 659 dant
874 594 1016 679 Κονιαῖον
1037 594 1123 657 adh.
1138 593 1160 657 l.

91 730 95 757 t
122 694 280 759 Dorot'llt'uc
299 693 339 756 ad
358 691 523 758 Chariton.
538 717 571 779 p.
588 700 660 760 209.
683 693 811 760 Dewer.
827 693 923 763 Misc.
940 692 1019 758 Crit.
1034 716 1066 779 p.
1085 701 1159 759 258.

127 795 333 877 Valckenarius
346 793 386 863 ad
401 792 558 858 Herodot.
572 818 605 879 p.
620 799 692 859 693.
707 797 759 858 73.
925 796 933 809 “
965 797 973 809 ‘

185 900 233 958 13.
256 893 421 958 Christum
430 915 565 977 parasse
578 894 796 977 expiationem
809 905 966 980 perpetuo
977 893 1159 974 valituram,

111 997 168 1059 ¹inu
184 1016 281 1079 porro
305 996 443 1078 scriptor
465 994 641 1058 confirmat.
686 994 839 1082 Sequitur
862 992 1040 1074 conclusio,
1065 1015 1158 1078 quam

124 1096 216 1176 dieunt,
232 1095 381 1160 amiuori
394 1093 435 1157 ad
447 1096 562 1157 maius.
606 1093 728 1170 Quodsi
737 1103 818 1160 enim
833 1103 962 1179 tangue
976 1103 1155 1173 taurorum,

91 1192 93 1241 ἶ
124 1202 234 1260 etnicis
253 1202 406 1261 iuvencae
430 1195 567 1260 homines
584 1198 736 1280 pollutor,
758 1200 1003 1281 estaperseo,
1021 1207 1157 1283 pergat,

121 1305 146 1359 tt
153 1303 320 1382 partialem
332 1293 503 1361 externam
516 1306 761 1381 consequantur,
782 1305 901 1379 quanto
914 1304 1019 1380 magis
1037 1296 1160 1363 Chresto·

120 1405 226 1480 comnia
241 1408 302 1471 etc.
323 1392 450 1470 σποδὸς
470 1391 642 1479 δαμάλεως
663 1398 835 1480 respicitur
855 1399 937 1463 ritus
961 1395 1089 1461 aMose
1104 1397 1154 1456 iu·

120 1497 225 1578 ductus,
248 1495 315 1559 vid.
337 1493 433 1558 Num.
459 1501 509 1559 19.
541 1496 636 1580 Aqua
661 1517 733 1558 cum
749 1497 856 1559 cinere
873 1499 978 1560 mixta
998 1497 1160 1560 iuvencae

118 1595 245 1682 floridae,
267 1598 319 1658 cui
341 1597 451 1682 iugum
473 1595 612 1658 nondum
634 1595 819 1679 impositum
833 1597 948 1678 fuerat,
970 1581 1006 1680 ii,
1029 1601 1085 1686 qui
1102 1620 1155 1662 ca·
1179 1606 1183 1612 '
1256 1672 1259 1681 ¹

118 1697 195 1760 darer
212 1696 387 1775 humanum
404 1698 592 1782 attigerant,
614 1699 786 1769 tentorium
807 1700 842 1761 in
864 1720 926 1785 quo
950 1700 1047 1764 horno
1068 1721 1154 1763 mor·
1188 1684 1201 1695 ‘¹
1254 1730 1256 1734 ⁴

117 1807 171 1860 tuus
193 1797 315 1876 fuerat,
338 1808 370 1860 et
387 1798 495 1880 ipsum
514 1798 631 1859 mortui
651 1799 822 1861 tentorium
845 1798 1153 1886 conspargebantur,
1246 1878 1250 1889 ,

116 1907 141 1958 ut
156 1898 223 1982 puri
242 1896 463 1960 redderentur.
507 1894 664 1959 Conferre
691 1893 744 1959 hic
763 1897 888 1961 iuvabit
909 1921 992 1986 quae
1016 1899 1097 1961 hanc
1120 1901 1154 1961 in
1231 1976 1236 1981 ,

113 2017 165 2060 rom
192 1998 396 2081 disputarunt,
414 1994 602 2080 Deylinge'uv
626 1993 725 2060 Obss.
747 1997 837 2063 Sacr.
861 1999 899 2061 Ρ.
922 2005 952 2064 3.
984 2023 1017 2084 p.
1042 2004 1083 2064 70
1104 2019 1152 2084 sq.

115 2099 352 2164 Βοιονκιαῐῐοναν
372 2099 406 2159 in
420 2096 562 2163 Scholiis
575 2094 617 2159 ad
633 2093 729 2159 Num.
746 2095 768 2160 l.
784 2096 807 2160 1.
824 2110 856 2161 et
875 2096 1012 2166 Iahnius
1031 2103 1065 2162 in
1081 2097 1152 2163 ortt.

115 2199 330 2280 Archaeologt'e
352 2194 414 2260 Th.
431 2203 462 2263 3.
479 2219 512 2282 p.
527 2180 602 2263 tit.
633 2196 697 2260 Pro
721 2219 805 2283 aqua
828 2197 955 2262 lustrali
977 2197 1154 2284 appellavit

115 2301 247 2384 scriptor,
276 2308 312 2360 nt
333 2297 482 2361 Bihmirte
503 2296 546 2364 ad
562 2294 595 2360 h.
609 2294 633 2358 l.
649 2295 849 2380 observavit,
872 2303 978 2384 ipsum
1002 2302 1152 2377 cinerem,

114 2398 286 2478 „brevitatis
301 2393 428 2476 caussa,
448 2400 482 2460 in
494 2420 530 2461 re
544 2396 720 2471 lectoribus
733 2402 812 2462 satit
830 2413 919 2481 nota,
942 2414 974 2466 et
990 2386 1081 2487 quod
1101 2398 1152 2463 illi

116 2505 175 2564 ratis
188 2502 249 2586 fuit
262 2500 308 2581 id,
321 2495 416 2586 ,quod
440 2497 526 2561 bruti
539 2508 638 2581 esset,
658 2518 938 2582 commemorasse,
965 2504 1083 2587 quippe
1099 2499 1151 2563 his
1229 2500 1232 2505 ’

113 2597 1150 2686 1ιιι1ἰεροτιοιιοοΙ.Μ.οοιιοίίεοίιιιοοοΡΡοείῐίο.“δάμαλιςΗο1)τ.

115 2709 161 2788 οἶα
174 2701 257 2764 lios.
270 2709 302 2781 4,
318 2705 368 2764 16.
384 2692 472 2791 ‘Q
485 2699 550 2763 Ies.
568 2703 667 2780 7,·21.
690 2703 741 2779 15,
755 2705 785 2763 2.
808 2689 873 2764 non
891 2715 957 2765 tam
972 2723 1072 2767 nacco
1089 2713 1149 2778 est,
1214 2685 1220 2700 ⁸

115 2823 186 2886 quarn
203 2804 312 2889 potius
325 2808 469 2880 iuvenca,
492 2802 607 2863 aetatis
624 2800 708 2862 iuter
732 2799 864 2866 vitulam
880 2815 912 2866 et
933 2823 1064 2866 vaccam
1082 2823 1150 2864 me·

114 2901 177 2985 diae,
199 2924 282 2990 qnae
294 2918 415 2963 ¹annnnr
432 2902 561 2963 tertium
581 2901 720 2964 nondum
742 2922 954 2987 supergressa
971 2914 1049 2964 erat.
1071 2898 1151 2988 ῥαν·
1238 2963 1242 2970 .

113 3003 196 3082 τίζιιν
205 3004 250 3069 id.
267 3003 319 3088 qd.
334 2989 469 3085 ῥαίνειν,
498 3001 631 3066 Suidas:
653 2997 808 3089 ῥαντὶζω,
830 2998 1013 3090 αἰτιατικῇ,
1033 2994 1167 3087 ῥαίνω,

112 3109 220 3192 proprie
234 3099 397 3191 significat
410 3103 618 3187 adspergere,
633 3100 749 3165 deinde
768 3104 844 3186 quia
858 3102 1083 3187 adspergendo
1099 3102 1149 3165 lu-

113 3207 284 3284 strabantur,
304 3200 524 3288 purgabantur
542 3222 597 3264 res
621 3212 654 3263 et
674 3200 832 3282 homines,
856 3201 987 3264 denotat
1005 3207 1151 3269 ruendum

113 3311 239 3386 reddere,
256 3324 401 3394 purgare
420 3315 455 3366 ut
477 3303 509 3366 h.
526 3301 550 3366 l.
569 3313 601 3365 et
616 3307 667 3382 10,
682 3308 734 3365 22.
755 3302 930 3385 respondet
949 3300 1052 3366 Hehr.
1072 3312 1149 3388 tttgn

113 3400 151 3469 n.
169 3414 219 3488 51,
238 3412 270 3471 9.
292 3400 548 3488 κεκοινωμένους
562 3415 593 3465 et
614 3399 744 3476 κοινούς
760 3404 912 3486 pollutos,
934 3400 1047 3465 ludaei
1063 3403 1150 3466 dice·

114 3499 170 3570 hant
185 3524 239 3571 res
261 3517 293 3568 et
309 3524 479 3589 personas,
502 3522 582 3588 quas
601 3500 660 3564 lex
675 3501 827 3566 Mosaica
841 3504 987 3586 impuras
1003 3503 1149 3569 declara·

115 3600 160 3669 bat
197 3605 380 3688 Hesychius
397 3615 428 3668 et
443 3603 578 3668 Suidas:
603 3599 734 3679 κοινὸν,Ι
750 3599 790 3665 τὸ
811 3600 1016 3689 ἀκάθαρτον
1029 3626 1061 3666 v.
1076 3604 1149 3667 Act.

119 3707 153 3785 tt,
165 3713 211 3770 14.
232 3705 334 3769 Marc.
352 3710 383 3784 7,
399 3711 429 3767 2.
440 3693 580 3788 loseph.
593 3700 668 3765 Ant.
683 3709 735 3781 13,
747 3709 775 3764 1.
787 3708 814 3764 1.
838 3699 976 3786 ἁγιάζει
990 3701 1074 3787 πρὸς
1088 3701 1151 3780 τήν

122 3801 162 3879 trit
180 3804 302 3889 σαρκὸς
325 3801 570 3893 καθαρότητα]
590 3816 694 3888 puros
713 3803 821 3868 reddit
845 3811 913 3883 tie,
944 3811 980 3867 ot
1006 3788 1150 3888 corporis

126 3907 273 3970 ”mntem
286 3904 418 4003 efficiat.
449 3902 501 3968 Da
515 3902 616 3966 verbo
629 3899 779 3986 αγιοὶζαν
792 3903 858 3967 vid.
873 3916 983 3967 notata
996 3902 1037 3965 ad
1052 3911 1083 3982 2,
1098 3907 1150 3965 11.

129 4001 185 4085 πρὸς
198 4011 242 4070 ita
260 4017 299 4071 ot
317 4004 481 4084 efficiatur
502 4004 542 4066 cf.
564 4003 604 4066 de
625 4003 687 4068 hoc
709 4025 771 4068 usu
796 4004 1046 4091 praepositionis
1067 4001 1151 4087 πρὸς
1182 3999 1184 4004 ’

217 4103 357 4172 tremere·
365 4103 451 4168 Lex.
465 4105 500 4166 in
512 4102 554 4168 N.
570 4101 611 4168 Τ.
627 4126 660 4191 p.
676 4112 748 4175 343.
762 4102 812 4168 ed.
825 4126 889 4169 seo.
904 4102 1026 4169 thle't'
1038 4102 1152 4168 Clavis‘
1239 4160 1243 4170 ,

156 4198 172 4293 “,
206 4199 269 4292 hv)
283 4205 331 4290 ν).
353 4203 414 4285 τῆς
428 4202 553 4292 σαρκός
567 4204 781 4293 καθαρότης,
792 4206 855 4270 >otri
869 4205 1042 4291 opponitur
1057 4225 1087 4268 v.
1102 4210 1153 4268 14.
