<?xml version="1.0" encoding="UTF-8"?>
<!DOCTYPE html PUBLIC "-//W3C//DTD XHTML 1.0 Transitional//EN"
    "http://www.w3.org/TR/xhtml1/DTD/xhtml1-transitional.dtd">
<html xmlns="http://www.w3.org/1999/xhtml" xml:lang="en" lang="en">
 <head>
  <title>
</title>
<meta http-equiv="Content-Type" content="text/html;charset=utf-8" />
  <meta name='ocr-system' content='tesseract 3.04.00' />
  <meta name='ocr-capabilities' content='ocr_page ocr_carea ocr_par ocr_line ocrx_word'/>
</head>
<body>
  <div class='ocr_page' id='page_1' title='image "./dchristianitheo00kuehgoog_0314.png"; bbox 0 0 2604 4746; ppageno 0'>
   <div class='ocr_carea' id='block_1_1' title="bbox 129 297 862 382">
    <p class='ocr_par' dir='ltr' id='par_1_1' title="bbox 129 297 862 382">
     <span class='ocr_line' id='line_1_1' title="bbox 129 297 862 382; baseline -0.01 -3"><span class='ocrx_word' id='word_1_1' title='bbox 129 309 205 380; x_wconf 85' lang='grc'>284</span> <span class='ocrx_word' id='word_1_2' title='bbox 464 297 624 376; x_wconf 75' lang='lat' dir='ltr'><strong>CAPUT</strong></span> <span class='ocrx_word' id='word_1_3' title='bbox 651 298 725 382; x_wconf 81' lang='lat' dir='ltr'>lx.</span> <span class='ocrx_word' id='word_1_4' title='bbox 761 322 799 379; x_wconf 87' lang='lat' dir='ltr'>v.</span> <span class='ocrx_word' id='word_1_5' title='bbox 825 309 862 378; x_wconf 84' lang='lat'>4.</span> 
     </span>
    </p>
   </div>
   <div class='ocr_carea' id='block_1_2' title="bbox 58 463 1164 656">
    <p class='ocr_par' dir='ltr' id='par_1_2' title="bbox 58 448 1164 656">
     <span class='ocr_line' id='line_1_2' title="bbox 129 463 1163 555; baseline 0.009 -25"><span class='ocrx_word' id='word_1_6' title='bbox 129 467 260 555; x_wconf 89' lang='lat' dir='ltr'>quidem</span> <span class='ocrx_word' id='word_1_7' title='bbox 272 467 384 552; x_wconf 87' lang='lat' dir='ltr'>nequit</span> <span class='ocrx_word' id='word_1_8' title='bbox 400 487 419 531; x_wconf 86' lang='lat' dir='ltr'>a</span> <span class='ocrx_word' id='word_1_9' title='bbox 436 463 577 551; x_wconf 81' lang='lat' dir='ltr'>Iosepho</span> <span class='ocrx_word' id='word_1_10' title='bbox 594 464 671 530; x_wconf 83' lang='lat' dir='ltr'>Ant.</span> <span class='ocrx_word' id='word_1_11' title='bbox 688 473 720 549; x_wconf 92' lang='lat'>3,</span> <span class='ocrx_word' id='word_1_12' title='bbox 735 471 767 534; x_wconf 89' lang='grc'>6.</span> <span class='ocrx_word' id='word_1_13' title='bbox 780 475 812 534; x_wconf 88' lang='grc'>8.</span> <span class='ocrx_word' id='word_1_14' title='bbox 831 466 973 537; x_wconf 80' lang='lat' dir='ltr'>Philone</span> <span class='ocrx_word' id='word_1_15' title='bbox 989 470 1029 536; x_wconf 88' lang='lat' dir='ltr'>de</span> <span class='ocrx_word' id='word_1_16' title='bbox 1042 470 1084 538; x_wconf 81' lang='lat' dir='ltr'>V.</span> <span class='ocrx_word' id='word_1_17' title='bbox 1099 470 1163 540; x_wconf 85' lang='lat' dir='ltr'>llos.</span> 
     </span>
     <span class='ocr_line' id='line_1_3' title="bbox 58 564 1164 656; baseline 0.002 -21"><span class='ocrx_word' id='word_1_18' title='bbox 58 631 59 635; x_wconf 75' lang='grc'>,</span> <span class='ocrx_word' id='word_1_19' title='bbox 129 576 160 635; x_wconf 89' lang='grc'>3.</span> <span class='ocrx_word' id='word_1_20' title='bbox 181 593 215 655; x_wconf 85' lang='lat' dir='ltr'>p.</span> <span class='ocrx_word' id='word_1_21' title='bbox 231 573 304 634; x_wconf 89' lang='grc'><strong>668.</strong></span> <span class='ocrx_word' id='word_1_22' title='bbox 320 565 358 630; x_wconf 81' lang='lat' dir='ltr'>C.</span> <span class='ocrx_word' id='word_1_23' title='bbox 373 564 478 631; x_wconf 85' lang='lat' dir='ltr'>Paris.</span> <span class='ocrx_word' id='word_1_24' title='bbox 495 579 528 631; x_wconf 93' lang='lat' dir='ltr'>et</span> <span class='ocrx_word' id='word_1_25' title='bbox 547 565 676 634; x_wconf 86' lang='lat' dir='ltr'>Zonara</span> <span class='ocrx_word' id='word_1_26' title='bbox 688 569 774 634; x_wconf 84' lang='lat' dir='ltr'>Anu.</span> <span class='ocrx_word' id='word_1_27' title='bbox 793 573 890 649; x_wconf 76' lang='lat'>1,16.</span> <span class='ocrx_word' id='word_1_28' title='bbox 911 569 952 647; x_wconf 82' lang='lat' dir='ltr'>de</span> <span class='ocrx_word' id='word_1_29' title='bbox 976 568 1035 634; x_wconf 88' lang='lat' dir='ltr'>illc</span> <span class='ocrx_word' id='word_1_30' title='bbox 1056 574 1119 656; x_wconf 88' lang='lat' dir='ltr'>ipso</span> <span class='ocrx_word' id='word_1_31' title='bbox 1131 575 1164 636; x_wconf 92' lang='lat' dir='ltr'>al-</span> 
     </span>
    </p>
   </div>
   <div class='ocr_carea' id='block_1_3' title="bbox 25 664 1165 755">
    <p class='ocr_par' dir='ltr' id='par_1_3' title="bbox 25 664 1165 755">
     <span class='ocr_line' id='line_1_4' title="bbox 25 664 1165 755; baseline 0.004 -22"><span class='ocrx_word' id='word_1_32' title='bbox 25 742 29 750; x_wconf 43' lang='grc'><strong>,</strong></span> <span class='ocrx_word' id='word_1_33' title='bbox 129 673 191 735; x_wconf 86' lang='lat' dir='ltr'>tari</span> <span class='ocrx_word' id='word_1_34' title='bbox 211 665 405 734; x_wconf 83' lang='lat' dir='ltr'>vocabulum</span> <span class='ocrx_word' id='word_1_35' title='bbox 425 664 657 755; x_wconf 71' lang='grc' dir='ltr'><strong><em>θυμιατήριον</em></strong></span> <span class='ocrx_word' id='word_1_36' title='bbox 674 671 764 755; x_wconf 88' lang='lat' dir='ltr'>poni,</span> <span class='ocrx_word' id='word_1_37' title='bbox 785 668 843 734; x_wconf 80' lang='lat' dir='ltr'>scd</span> <span class='ocrx_word' id='word_1_38' title='bbox 860 667 1077 736; x_wconf 81' lang='lat' dir='ltr'>Alexandrini</span> <span class='ocrx_word' id='word_1_39' title='bbox 1091 679 1165 739; x_wconf 86' lang='lat' dir='ltr'>inter·</span> 
     </span>
    </p>
   </div>
   <div class='ocr_carea' id='block_1_4' title="bbox 25 767 1196 4294">
    <p class='ocr_par' dir='ltr' id='par_1_4' title="bbox 25 767 1196 4294">
     <span class='ocr_line' id='line_1_5' title="bbox 129 767 1165 859; baseline 0.002 -25"><span class='ocrx_word' id='word_1_40' title='bbox 129 782 241 858; x_wconf 86' lang='lat' dir='ltr'>pretes</span> <span class='ocrx_word' id='word_1_41' title='bbox 263 767 365 834; x_wconf 80' lang='lat' dir='ltr'>altare</span> <span class='ocrx_word' id='word_1_42' title='bbox 386 768 472 833; x_wconf 90' lang='lat' dir='ltr'>thuri</span> <span class='ocrx_word' id='word_1_43' title='bbox 498 770 671 856; x_wconf 77' lang='lat' dir='ltr'>cremando</span> <span class='ocrx_word' id='word_1_44' title='bbox 695 770 899 852; x_wconf 87' lang='lat' dir='ltr'>destinatum,</span> <span class='ocrx_word' id='word_1_45' title='bbox 922 770 1011 859; x_wconf 85' lang='lat' dir='ltr'>quod</span> <span class='ocrx_word' id='word_1_46' title='bbox 1032 771 1165 837; x_wconf 76' lang='lat' dir='ltr'>Hebraeis</span> 
     </span>
     <span class='ocr_line' id='line_1_6' title="bbox 129 869 1164 965; baseline 0.009 -30"><span class='ocrx_word' id='word_1_47' title='bbox 129 869 294 935; x_wconf 79' lang='lat' dir='ltr'>dicebatur</span> <span class='ocrx_word' id='word_1_48' title='bbox 307 872 398 965; x_wconf 62' lang='lat' dir='ltr'>cuj-nu⁸</span> <span class='ocrx_word' id='word_1_49' title='bbox 419 880 514 964; x_wconf 66' lang='lat' dir='ltr'>rupa</span> <span class='ocrx_word' id='word_1_50' title='bbox 535 879 622 962; x_wconf 66' lang='lat' dir='ltr'>urna</span> <span class='ocrx_word' id='word_1_51' title='bbox 645 881 677 935; x_wconf 85' lang='lat' dir='ltr'>et</span> <span class='ocrx_word' id='word_1_52' title='bbox 697 871 815 963; x_wconf 66' lang='grc' dir='ltr'><strong><em>ιηἀηη</em></strong></span> <span class='ocrx_word' id='word_1_53' title='bbox 836 878 924 965; x_wconf 59' lang='lat' dir='ltr'>ungu</span> <span class='ocrx_word' id='word_1_54' title='bbox 944 883 978 938; x_wconf 90' lang='lat' dir='ltr'>et</span> <span class='ocrx_word' id='word_1_55' title='bbox 993 881 1083 964; x_wconf 57' lang='lat' dir='ltr'>:apr</span> <span class='ocrx_word' id='word_1_56' title='bbox 1102 885 1164 965; x_wconf 69' lang='lat' dir='ltr'>nuru</span> 
     </span>
     <span class='ocr_line' id='line_1_7' title="bbox 130 964 1167 1065; baseline 0.004 -29"><span class='ocrx_word' id='word_1_57' title='bbox 130 964 243 1065; x_wconf 49' lang='lat' dir='ltr'>nubs}</span> <span class='ocrx_word' id='word_1_58' title='bbox 258 983 376 1036; x_wconf 89' lang='lat' dir='ltr'>vocant</span> <span class='ocrx_word' id='word_1_59' title='bbox 392 969 431 1038; x_wconf 79' lang='grc' dir='ltr'>’τό</span> <span class='ocrx_word' id='word_1_60' title='bbox 445 968 692 1054; x_wconf 66' lang='grc' dir='ltr'><strong><em>θυσιαστήριον</em></strong></span> <span class='ocrx_word' id='word_1_61' title='bbox 707 968 747 1035; x_wconf 80' lang='grc' dir='ltr'>τὸ</span> <span class='ocrx_word' id='word_1_62' title='bbox 755 975 902 1057; x_wconf 78' lang='grc' dir='ltr'><strong><em>χρυσοῦν</em></strong></span> <span class='ocrx_word' id='word_1_63' title='bbox 916 967 968 1053; x_wconf 67' lang='grc' dir='ltr'>εἰς</span> <span class='ocrx_word' id='word_1_64' title='bbox 989 973 1031 1040; x_wconf 84' lang='grc' dir='ltr'>τὸ</span> <span class='ocrx_word' id='word_1_65' title='bbox 1052 973 1167 1063; x_wconf 58' lang='lat' dir='ltr'>dapne,</span> 
     </span>
     <span class='ocr_line' id='line_1_8' title="bbox 129 1041 1167 1161; baseline -0.003 -20"><span class='ocrx_word' id='word_1_66' title='bbox 129 1041 174 1146; x_wconf 61' lang='grc' dir='ltr'>σί</span> <span class='ocrx_word' id='word_1_67' title='bbox 182 1064 433 1157; x_wconf 74' lang='grc' dir='ltr'><strong><em>θυσιαστήριον</em></strong></span> <span class='ocrx_word' id='word_1_68' title='bbox 455 1065 694 1156; x_wconf 79' lang='grc' dir='ltr'><strong><em>θυμιάματος,</em></strong></span> <span class='ocrx_word' id='word_1_69' title='bbox 714 1083 749 1138; x_wconf 83' lang='lat' dir='ltr'>et</span> <span class='ocrx_word' id='word_1_70' title='bbox 770 1070 1021 1161; x_wconf 77' lang='grc' dir='ltr'><strong><em>θυσιαστήριον</em></strong></span> <span class='ocrx_word' id='word_1_71' title='bbox 1042 1078 1100 1142; x_wconf 82' lang='grc' dir='ltr'>τοῦ</span> <span class='ocrx_word' id='word_1_72' title='bbox 1119 1077 1167 1139; x_wconf 81' lang='lat' dir='ltr'>du·</span> 
     </span>
     <span class='ocr_line' id='line_1_9' title="bbox 128 1169 1168 1262; baseline 0 -23"><span class='ocrx_word' id='word_1_73' title='bbox 128 1173 307 1262; x_wconf 81' lang='grc' dir='ltr'><strong><em>μιάματος.</em></strong></span> <span class='ocrx_word' id='word_1_74' title='bbox 330 1248 333 1252; x_wconf 49' lang='grc'><strong>,</strong></span> <span class='ocrx_word' id='word_1_75' title='bbox 348 1169 465 1258; x_wconf 88' lang='lat' dir='ltr'>Neque</span> <span class='ocrx_word' id='word_1_76' title='bbox 487 1170 588 1236; x_wconf 84' lang='lat' dir='ltr'>altare</span> <span class='ocrx_word' id='word_1_77' title='bbox 606 1169 739 1238; x_wconf 85' lang='lat' dir='ltr'>suffitus</span> <span class='ocrx_word' id='word_1_78' title='bbox 756 1173 792 1238; x_wconf 90' lang='lat' dir='ltr'>in</span> <span class='ocrx_word' id='word_1_79' title='bbox 809 1170 882 1237; x_wconf 89' lang='lat' dir='ltr'>loco</span> <span class='ocrx_word' id='word_1_80' title='bbox 904 1172 1105 1240; x_wconf 86' lang='lat' dir='ltr'>tabernaculi</span> <span class='ocrx_word' id='word_1_81' title='bbox 1113 1198 1168 1240; x_wconf 90' lang='lat' dir='ltr'>san·</span> 
     </span>
     <span class='ocr_line' id='line_1_10' title="bbox 115 1271 1168 1362; baseline 0.002 -22"><span class='ocrx_word' id='word_1_82' title='bbox 115 1278 286 1356; x_wconf 86' lang='lat' dir='ltr'>ctissimo,</span> <span class='ocrx_word' id='word_1_83' title='bbox 310 1272 415 1339; x_wconf 86' lang='lat' dir='ltr'>sedin</span> <span class='ocrx_word' id='word_1_84' title='bbox 431 1274 615 1355; x_wconf 86' lang='lat' dir='ltr'>sanctuario</span> <span class='ocrx_word' id='word_1_85' title='bbox 629 1271 783 1340; x_wconf 77' lang='lat' dir='ltr'>stabat-v.</span> <span class='ocrx_word' id='word_1_86' title='bbox 796 1272 863 1339; x_wconf 80' lang='lat' dir='ltr'>Ex.</span> <span class='ocrx_word' id='word_1_87' title='bbox 878 1279 930 1356; x_wconf 87' lang='lat'>30,</span> <span class='ocrx_word' id='word_1_88' title='bbox 946 1281 976 1343; x_wconf 87' lang='lat'>1.</span> <span class='ocrx_word' id='word_1_89' title='bbox 997 1282 1052 1362; x_wconf 86' lang='lat'>40,</span> <span class='ocrx_word' id='word_1_90' title='bbox 1065 1284 1112 1342; x_wconf 86' lang='grc'>26.</span> <span class='ocrx_word' id='word_1_91' title='bbox 1129 1277 1168 1342; x_wconf 92' lang='lat' dir='ltr'>lo·</span> 
     </span>
     <span class='ocr_line' id='line_1_11' title="bbox 129 1371 1170 1471; baseline -0.003 -28"><span class='ocrx_word' id='word_1_92' title='bbox 129 1378 221 1465; x_wconf 88' lang='lat' dir='ltr'><strong>seph.</strong></span> <span class='ocrx_word' id='word_1_93' title='bbox 241 1376 318 1441; x_wconf 89' lang='lat' dir='ltr'>Ant.</span> <span class='ocrx_word' id='word_1_94' title='bbox 338 1380 369 1455; x_wconf 91' lang='lat'>8,</span> <span class='ocrx_word' id='word_1_95' title='bbox 392 1381 425 1444; x_wconf 85' lang='lat'>4·</span> <span class='ocrx_word' id='word_1_96' title='bbox 443 1382 493 1440; x_wconf 91' lang='grc'>11.</span> <span class='ocrx_word' id='word_1_97' title='bbox 523 1375 579 1463; x_wconf 91' lang='lat' dir='ltr'>qni</span> <span class='ocrx_word' id='word_1_98' title='bbox 595 1371 691 1442; x_wconf 84' lang='lat' dir='ltr'>locus</span> <span class='ocrx_word' id='word_1_99' title='bbox 711 1375 752 1444; x_wconf 90' lang='lat' dir='ltr'>de</span> <span class='ocrx_word' id='word_1_100' title='bbox 774 1374 895 1471; x_wconf 87' lang='lat' dir='ltr'>templo</span> <span class='ocrx_word' id='word_1_101' title='bbox 917 1374 1101 1442; x_wconf 85' lang='lat' dir='ltr'>Salomonis</span> <span class='ocrx_word' id='word_1_102' title='bbox 1120 1382 1170 1463; x_wconf 84' lang='lat' dir='ltr'>agit</span> 
     </span>
     <span class='ocr_line' id='line_1_12' title="bbox 91 1471 1169 1566; baseline -0.001 -22"><span class='ocrx_word' id='word_1_103' title='bbox 91 1517 92 1521; x_wconf 62' lang='lat'><em>=</em></span> <span class='ocrx_word' id='word_1_104' title='bbox 129 1480 193 1556; x_wconf 78' lang='grc' dir='ltr'>τήν</span> <span class='ocrx_word' id='word_1_105' title='bbox 214 1480 250 1545; x_wconf 79' lang='grc' dir='ltr'>δὲ</span> <span class='ocrx_word' id='word_1_106' title='bbox 272 1471 421 1561; x_wconf 82' lang='grc' dir='ltr'><strong><em>λυχνίαν,</em></strong></span> <span class='ocrx_word' id='word_1_107' title='bbox 451 1474 510 1539; x_wconf 82' lang='grc' dir='ltr'>καὶ</span> <span class='ocrx_word' id='word_1_108' title='bbox 528 1473 591 1555; x_wconf 79' lang='grc' dir='ltr'>την</span> <span class='ocrx_word' id='word_1_109' title='bbox 612 1473 802 1564; x_wconf 84' lang='grc' dir='ltr'><strong><em>τροίιιεζαν,</em></strong></span> <span class='ocrx_word' id='word_1_110' title='bbox 825 1476 884 1540; x_wconf 78' lang='grc' dir='ltr'>καὶ</span> <span class='ocrx_word' id='word_1_111' title='bbox 906 1475 969 1542; x_wconf 80' lang='grc' dir='ltr'>τὸν</span> <span class='ocrx_word' id='word_1_112' title='bbox 986 1478 1103 1566; x_wconf 80' lang='grc' dir='ltr'><strong><em>βωμόν</em></strong></span> <span class='ocrx_word' id='word_1_113' title='bbox 1124 1479 1169 1544; x_wconf 84' lang='grc' dir='ltr'>τὸν</span> 
     </span>
     <span class='ocr_line' id='line_1_13' title="bbox 123 1573 1170 1667; baseline -0.001 -21"><span class='ocrx_word' id='word_1_114' title='bbox 123 1578 265 1666; x_wconf 82' lang='grc' dir='ltr'><strong><em>χρύσεον</em></strong></span> <span class='ocrx_word' id='word_1_115' title='bbox 281 1573 429 1656; x_wconf 69' lang='grc' dir='ltr'><strong><em>ἔστησαν</em></strong></span> <span class='ocrx_word' id='word_1_116' title='bbox 444 1574 480 1641; x_wconf 75' lang='grc' dir='ltr'>ἐν</span> <span class='ocrx_word' id='word_1_117' title='bbox 493 1575 539 1667; x_wconf 74' lang='grc' dir='ltr'>τῷ</span> <span class='ocrx_word' id='word_1_118' title='bbox 551 1576 620 1664; x_wconf 76' lang='grc' dir='ltr'>ναῷ</span> <span class='ocrx_word' id='word_1_119' title='bbox 632 1576 699 1663; x_wconf 80' lang='grc' dir='ltr'>πρὸ</span> <span class='ocrx_word' id='word_1_120' title='bbox 712 1580 773 1642; x_wconf 79' lang='grc' dir='ltr'>τοῦ</span> <span class='ocrx_word' id='word_1_121' title='bbox 785 1575 914 1647; x_wconf 70' lang='lat' dir='ltr'>dccccv</span> <span class='ocrx_word' id='word_1_122' title='bbox 928 1577 1021 1643; x_wconf 83' lang='grc' dir='ltr'><strong><em>κατιί</em></strong></span> <span class='ocrx_word' id='word_1_123' title='bbox 1041 1578 1113 1656; x_wconf 81' lang='grc' dir='ltr'>τούς</span> <span class='ocrx_word' id='word_1_124' title='bbox 1126 1577 1170 1645; x_wconf 83' lang='grc' dir='ltr'><strong><em>ου’·</em></strong></span> 
     </span>
     <span class='ocr_line' id='line_1_14' title="bbox 71 1672 1170 1770; baseline -0.006 -22"><span class='ocrx_word' id='word_1_125' title='bbox 71 1720 73 1727; x_wconf 58' lang='lat'>&gt;</span> <span class='ocrx_word' id='word_1_126' title='bbox 128 1680 209 1756; x_wconf 83' lang='grc' dir='ltr'>τούς</span> <span class='ocrx_word' id='word_1_127' title='bbox 221 1676 357 1757; x_wconf 81' lang='grc' dir='ltr'><strong><em>τόπους,</em></strong></span> <span class='ocrx_word' id='word_1_128' title='bbox 377 1672 434 1752; x_wconf 68' lang='grc' dir='ltr'>οὓς</span> <span class='ocrx_word' id='word_1_129' title='bbox 449 1677 508 1742; x_wconf 85' lang='grc' dir='ltr'>καὶ</span> <span class='ocrx_word' id='word_1_130' title='bbox 526 1673 604 1741; x_wconf 82' lang='grc' dir='ltr'><strong><em>τότε</em></strong></span> <span class='ocrx_word' id='word_1_131' title='bbox 618 1675 654 1742; x_wconf 77' lang='grc' dir='ltr'>ἐν</span> <span class='ocrx_word' id='word_1_132' title='bbox 673 1678 714 1769; x_wconf 75' lang='grc' dir='ltr'>τῇ</span> <span class='ocrx_word' id='word_1_133' title='bbox 739 1679 846 1770; x_wconf 78' lang='grc' dir='ltr'><strong><em>σκηνῇ</em></strong></span> <span class='ocrx_word' id='word_1_134' title='bbox 868 1675 1012 1766; x_wconf 75' lang='grc' dir='ltr'><strong><em>κείμενοι</em></strong></span> <span class='ocrx_word' id='word_1_135' title='bbox 1029 1682 1170 1765; x_wconf 76' lang='grc' dir='ltr'><strong><em>κατεῖχον.</em></strong></span> 
     </span>
     <span class='ocr_line' id='line_1_15' title="bbox 117 1776 1171 1867; baseline -0.002 -20"><span class='ocrx_word' id='word_1_136' title='bbox 117 1780 222 1847; x_wconf 83' lang='lat' dir='ltr'>¹Philo</span> <span class='ocrx_word' id='word_1_137' title='bbox 236 1779 309 1867; x_wconf 87' lang='lat' dir='ltr'>quis</span> <span class='ocrx_word' id='word_1_138' title='bbox 324 1801 389 1844; x_wconf 84' lang='lat' dir='ltr'>rer.</span> <span class='ocrx_word' id='word_1_139' title='bbox 402 1779 467 1847; x_wconf 86' lang='lat' dir='ltr'>div.</span> <span class='ocrx_word' id='word_1_140' title='bbox 482 1777 570 1842; x_wconf 87' lang='lat' dir='ltr'>haer.</span> <span class='ocrx_word' id='word_1_141' title='bbox 583 1799 616 1862; x_wconf 76' lang='lat' dir='ltr'>p·</span> <span class='ocrx_word' id='word_1_142' title='bbox 627 1782 698 1846; x_wconf 84' lang='grc'><strong>512.</strong></span> <span class='ocrx_word' id='word_1_143' title='bbox 714 1779 814 1864; x_wconf 81' lang='grc' dir='ltr'><strong><em>τριῶν</em></strong></span> <span class='ocrx_word' id='word_1_144' title='bbox 830 1776 935 1847; x_wconf 80' lang='grc' dir='ltr'><strong><em>ὄντων</em></strong></span> <span class='ocrx_word' id='word_1_145' title='bbox 947 1781 983 1846; x_wconf 66' lang='grc' dir='ltr'>ἓν</span> <span class='ocrx_word' id='word_1_146' title='bbox 998 1783 1070 1858; x_wconf 76' lang='grc' dir='ltr'><strong><em>τοῖς</em></strong></span> <span class='ocrx_word' id='word_1_147' title='bbox 1081 1780 1171 1867; x_wconf 72' lang='grc' dir='ltr'><strong><em>ἁγίοις</em></strong></span> 
     </span>
     <span class='ocr_line' id='line_1_16' title="bbox 128 1875 1172 1969; baseline -0.003 -21"><span class='ocrx_word' id='word_1_148' title='bbox 128 1881 252 1949; x_wconf 77' lang='grc' dir='ltr'><strong><em>σκευῶν</em></strong></span> <span class='ocrx_word' id='word_1_149' title='bbox 257 1927 270 1963; x_wconf 93' lang='grc'><strong>,</strong></span> <span class='ocrx_word' id='word_1_150' title='bbox 292 1875 444 1966; x_wconf 79' lang='grc' dir='ltr'><strong><em>λυχνίας,</em></strong></span> <span class='ocrx_word' id='word_1_151' title='bbox 466 1877 650 1961; x_wconf 79' lang='grc' dir='ltr'><strong><em>τραπέζης,</em></strong></span> <span class='ocrx_word' id='word_1_152' title='bbox 673 1879 909 1969; x_wconf 72' lang='grc' dir='ltr'>θυμιατηρίου.</span> <span class='ocrx_word' id='word_1_153' title='bbox 955 1881 1043 1961; x_wconf 77' lang='lat' dir='ltr'>Quin</span> <span class='ocrx_word' id='word_1_154' title='bbox 1065 1885 1172 1968; x_wconf 88' lang='lat' dir='ltr'>etipse</span> 
     </span>
     <span class='ocr_line' id='line_1_17' title="bbox 127 1977 1173 2068; baseline -0.003 -18"><span class='ocrx_word' id='word_1_155' title='bbox 127 1987 222 2050; x_wconf 84' lang='lat' dir='ltr'>buius</span> <span class='ocrx_word' id='word_1_156' title='bbox 238 1980 350 2047; x_wconf 83' lang='lat' dir='ltr'>altaris</span> <span class='ocrx_word' id='word_1_157' title='bbox 366 2000 445 2043; x_wconf 86' lang='lat' dir='ltr'>usus</span> <span class='ocrx_word' id='word_1_158' title='bbox 457 1977 646 2064; x_wconf 78' lang='lat' dir='ltr'><strong>planissime</strong></span> <span class='ocrx_word' id='word_1_159' title='bbox 659 1979 763 2062; x_wconf 92' lang='lat' dir='ltr'>docet,</span> <span class='ocrx_word' id='word_1_160' title='bbox 784 1984 898 2047; x_wconf 90' lang='lat' dir='ltr'>nonin</span> <span class='ocrx_word' id='word_1_161' title='bbox 912 1984 1008 2068; x_wconf 86' lang='lat' dir='ltr'>adyto</span> <span class='ocrx_word' id='word_1_162' title='bbox 1021 1983 1104 2048; x_wconf 91' lang='lat' dir='ltr'>illud</span> <span class='ocrx_word' id='word_1_163' title='bbox 1120 1984 1173 2048; x_wconf 92' lang='lat' dir='ltr'>ccl·</span> 
     </span>
     <span class='ocr_line' id='line_1_18' title="bbox 97 2073 1176 2170; baseline -0.003 -19"><span class='ocrx_word' id='word_1_164' title='bbox 97 2073 99 2083; x_wconf 51' lang='lat'><strong>¹</strong></span> <span class='ocrx_word' id='word_1_165' title='bbox 128 2088 269 2151; x_wconf 89' lang='lat' dir='ltr'>locatum</span> <span class='ocrx_word' id='word_1_166' title='bbox 283 2084 405 2154; x_wconf 87' lang='lat' dir='ltr'>fnisse;</span> <span class='ocrx_word' id='word_1_167' title='bbox 427 2080 588 2168; x_wconf 92' lang='lat' dir='ltr'>quomodo</span> <span class='ocrx_word' id='word_1_168' title='bbox 605 2083 691 2146; x_wconf 93' lang='lat' dir='ltr'>enim</span> <span class='ocrx_word' id='word_1_169' title='bbox 706 2074 1050 2170; x_wconf 84' lang='lat' dir='ltr'>sacerdotesquotidie</span> <span class='ocrx_word' id='word_1_170' title='bbox 1073 2085 1176 2151; x_wconf 89' lang='lat' dir='ltr'>odores</span> 
     </span>
     <span class='ocr_line' id='line_1_19' title="bbox 127 2180 1180 2271; baseline -0.002 -20"><span class='ocrx_word' id='word_1_171' title='bbox 127 2186 358 2265; x_wconf 82' lang='lat' dir='ltr'>incendissent,</span> <span class='ocrx_word' id='word_1_172' title='bbox 381 2203 452 2246; x_wconf 91' lang='lat' dir='ltr'>cum</span> <span class='ocrx_word' id='word_1_173' title='bbox 483 2180 585 2245; x_wconf 76' lang='lat' dir='ltr'>semel</span> <span class='ocrx_word' id='word_1_174' title='bbox 598 2183 815 2248; x_wconf 87' lang='lat' dir='ltr'>tantummodo</span> <span class='ocrx_word' id='word_1_175' title='bbox 838 2187 1009 2271; x_wconf 83' lang='lat' dir='ltr'>quotannis</span> <span class='ocrx_word' id='word_1_176' title='bbox 1030 2187 1083 2250; x_wconf 87' lang='lat' dir='ltr'>fas</span> <span class='ocrx_word' id='word_1_177' title='bbox 1103 2197 1180 2250; x_wconf 89' lang='lat' dir='ltr'>esset</span> 
     </span>
     <span class='ocr_line' id='line_1_20' title="bbox 126 2283 1181 2370; baseline -0.004 -18"><span class='ocrx_word' id='word_1_178' title='bbox 126 2285 287 2367; x_wconf 86' lang='lat' dir='ltr'>Pontifici,</span> <span class='ocrx_word' id='word_1_179' title='bbox 310 2286 406 2368; x_wconf 84' lang='lat' dir='ltr'>adyta</span> <span class='ocrx_word' id='word_1_180' title='bbox 418 2283 564 2369; x_wconf 81' lang='lat' dir='ltr'>ingredil</span> <span class='ocrx_word' id='word_1_181' title='bbox 587 2295 619 2346; x_wconf 91' lang='lat' dir='ltr'>et</span> <span class='ocrx_word' id='word_1_182' title='bbox 643 2283 725 2348; x_wconf 87' lang='lat' dir='ltr'>haec</span> <span class='ocrx_word' id='word_1_183' title='bbox 745 2286 937 2370; x_wconf 79' lang='lat' dir='ltr'>scriptorem</span> <span class='ocrx_word' id='word_1_184' title='bbox 956 2298 1181 2350; x_wconf 85' lang='lat' dir='ltr'>nostrumnon</span> 
     </span>
     <span class='ocr_line' id='line_1_21' title="bbox 37 2382 1181 2475; baseline -0.003 -21"><span class='ocrx_word' id='word_1_185' title='bbox 37 2393 39 2397; x_wconf 49' lang='lat'><em>⁴</em></span> <span class='ocrx_word' id='word_1_186' title='bbox 72 2415 75 2418; x_wconf 87' lang='lat'><strong>·</strong></span> <span class='ocrx_word' id='word_1_187' title='bbox 128 2400 297 2475; x_wconf 88' lang='lat' dir='ltr'>reputasse</span> <span class='ocrx_word' id='word_1_188' title='bbox 315 2383 518 2470; x_wconf 75' lang='lat' dir='ltr'>putabimusl</span> <span class='ocrx_word' id='word_1_189' title='bbox 540 2383 581 2447; x_wconf 89' lang='lat' dir='ltr'>cf.</span> <span class='ocrx_word' id='word_1_190' title='bbox 599 2404 630 2447; x_wconf 84' lang='lat' dir='ltr'>v·</span> <span class='ocrx_word' id='word_1_191' title='bbox 647 2390 678 2449; x_wconf 83' lang='lat'>5.</span> <span class='ocrx_word' id='word_1_192' title='bbox 693 2389 749 2454; x_wconf 56' lang='lat'>10..</span> <span class='ocrx_word' id='word_1_193' title='bbox 765 2382 897 2450; x_wconf 80' lang='lat' dir='ltr'>Rectius</span> <span class='ocrx_word' id='word_1_194' title='bbox 918 2390 1020 2472; x_wconf 84' lang='lat' dir='ltr'>igitur</span> <span class='ocrx_word' id='word_1_195' title='bbox 1039 2385 1181 2473; x_wconf 87' lang='lat' dir='ltr'>plerique</span> 
     </span>
     <span class='ocr_line' id='line_1_22' title="bbox 128 2482 1185 2573; baseline -0.002 -19"><span class='ocrx_word' id='word_1_196' title='bbox 128 2496 320 2573; x_wconf 78' lang='lat' dir='ltr'>interpretes</span> <span class='ocrx_word' id='word_1_197' title='bbox 336 2507 394 2570; x_wconf 90' lang='lat' dir='ltr'>per</span> <span class='ocrx_word' id='word_1_198' title='bbox 407 2482 632 2568; x_wconf 76' lang='grc' dir='ltr'><strong><em>θυμιατήριον</em></strong></span> <span class='ocrx_word' id='word_1_199' title='bbox 643 2484 828 2572; x_wconf 81' lang='lat' dir='ltr'>intelligunt</span> <span class='ocrx_word' id='word_1_200' title='bbox 842 2482 1032 2552; x_wconf 72' lang='lat' dir='ltr'>thuribulum</span> <span class='ocrx_word' id='word_1_201' title='bbox 1046 2509 1185 2568; x_wconf 81' lang='lat' dir='ltr'>aereum,</span> 
     </span>
     <span class='ocr_line' id='line_1_23' title="bbox 97 2584 1185 2678; baseline 0 -25"><span class='ocrx_word' id='word_1_202' title='bbox 97 2651 100 2659; x_wconf 86' lang='grc'><strong>,</strong></span> <span class='ocrx_word' id='word_1_203' title='bbox 129 2590 214 2678; x_wconf 83' lang='lat' dir='ltr'>qurod</span> <span class='ocrx_word' id='word_1_204' title='bbox 228 2608 370 2652; x_wconf 88' lang='lat' dir='ltr'>summus</span> <span class='ocrx_word' id='word_1_205' title='bbox 385 2587 538 2654; x_wconf 85' lang='lat' dir='ltr'>sacerdos</span> <span class='ocrx_word' id='word_1_206' title='bbox 554 2584 625 2650; x_wconf 91' lang='lat' dir='ltr'>sola</span> <span class='ocrx_word' id='word_1_207' title='bbox 640 2589 838 2672; x_wconf 83' lang='lat' dir='ltr'>expiationis</span> <span class='ocrx_word' id='word_1_208' title='bbox 854 2586 905 2650; x_wconf 91' lang='lat' dir='ltr'>die</span> <span class='ocrx_word' id='word_1_209' title='bbox 918 2589 954 2650; x_wconf 90' lang='lat' dir='ltr'>in</span> <span class='ocrx_word' id='word_1_210' title='bbox 971 2590 1068 2672; x_wconf 86' lang='lat' dir='ltr'>adyta</span> <span class='ocrx_word' id='word_1_211' title='bbox 1080 2590 1185 2674; x_wconf 83' lang='lat' dir='ltr'>ingre-</span> 
     </span>
     <span class='ocr_line' id='line_1_24' title="bbox 128 2685 1187 2772; baseline 0.001 -18"><span class='ocrx_word' id='word_1_212' title='bbox 128 2694 220 2767; x_wconf 90' lang='lat' dir='ltr'>diens</span> <span class='ocrx_word' id='word_1_213' title='bbox 235 2709 344 2753; x_wconf 88' lang='lat' dir='ltr'>secum</span> <span class='ocrx_word' id='word_1_214' title='bbox 356 2687 502 2751; x_wconf 82' lang='lat' dir='ltr'>sumebat</span> <span class='ocrx_word' id='word_1_215' title='bbox 519 2709 550 2750; x_wconf 89' lang='lat' dir='ltr'>v.</span> <span class='ocrx_word' id='word_1_216' title='bbox 566 2686 673 2750; x_wconf 90' lang='lat' dir='ltr'>Levit.</span> <span class='ocrx_word' id='word_1_217' title='bbox 689 2691 740 2768; x_wconf 89' lang='grc'>16,</span> <span class='ocrx_word' id='word_1_218' title='bbox 756 2694 794 2751; x_wconf 91' lang='grc'>12</span> <span class='ocrx_word' id='word_1_219' title='bbox 808 2708 856 2772; x_wconf 87' lang='lat' dir='ltr'>sq.</span> <span class='ocrx_word' id='word_1_220' title='bbox 880 2685 1107 2771; x_wconf 82' lang='lat' dir='ltr'>Thuribnlum,</span> <span class='ocrx_word' id='word_1_221' title='bbox 1131 2712 1187 2755; x_wconf 88' lang='lat' dir='ltr'>vas</span> 
     </span>
     <span class='ocr_line' id='line_1_25' title="bbox 126 2786 1188 2884; baseline -0.001 -28"><span class='ocrx_word' id='word_1_222' title='bbox 126 2797 160 2856; x_wconf 91' lang='lat' dir='ltr'>in</span> <span class='ocrx_word' id='word_1_223' title='bbox 178 2813 240 2877; x_wconf 93' lang='lat' dir='ltr'>quo</span> <span class='ocrx_word' id='word_1_224' title='bbox 252 2789 353 2852; x_wconf 54' lang='lat' dir='ltr'>&#39;thura</span> <span class='ocrx_word' id='word_1_225' title='bbox 375 2786 595 2870; x_wconf 75' lang='lat' dir='ltr'>adolebantur,</span> <span class='ocrx_word' id='word_1_226' title='bbox 616 2788 779 2852; x_wconf 87' lang='lat' dir='ltr'>Hebraeis</span> <span class='ocrx_word' id='word_1_227' title='bbox 795 2786 961 2853; x_wconf 76' lang='lat' dir='ltr'>dicebatur</span> <span class='ocrx_word' id='word_1_228' title='bbox 976 2800 1105 2884; x_wconf 51' lang='lat' dir='ltr'>npippis,</span> <span class='ocrx_word' id='word_1_229' title='bbox 1128 2814 1188 2876; x_wconf 91' lang='lat' dir='ltr'>pro</span> 
     </span>
     <span class='ocr_line' id='line_1_26' title="bbox 98 2878 1189 2985; baseline -0.004 -28"><span class='ocrx_word' id='word_1_230' title='bbox 98 2878 101 2884; x_wconf 51' lang='grc'><strong><em>’</em></strong></span> <span class='ocrx_word' id='word_1_231' title='bbox 128 2917 192 2985; x_wconf 83' lang='lat' dir='ltr'>qno</span> <span class='ocrx_word' id='word_1_232' title='bbox 213 2896 407 2975; x_wconf 79' lang='lat' dir='ltr'>interpreter</span> <span class='ocrx_word' id='word_1_233' title='bbox 427 2889 642 2954; x_wconf 84' lang='lat' dir='ltr'>Alexandrini</span> <span class='ocrx_word' id='word_1_234' title='bbox 661 2891 713 2954; x_wconf 88' lang='lat' dir='ltr'>usi</span> <span class='ocrx_word' id='word_1_235' title='bbox 733 2899 806 2952; x_wconf 89' lang='lat' dir='ltr'>suut</span> <span class='ocrx_word' id='word_1_236' title='bbox 829 2888 989 2954; x_wconf 90' lang='lat' dir='ltr'>vocabulo</span> <span class='ocrx_word' id='word_1_237' title='bbox 1010 2889 1189 2974; x_wconf 63' lang='grc' dir='ltr'><strong><em>θυμιατη-</em></strong></span> 
     </span>
     <span class='ocr_line' id='line_1_27' title="bbox 126 2987 1189 3082; baseline -0.003 -21"><span class='ocrx_word' id='word_1_238' title='bbox 126 3018 199 3082; x_wconf 91' lang='grc' dir='ltr'><strong><em>ριον</em></strong></span> <span class='ocrx_word' id='word_1_239' title='bbox 213 2988 501 3078; x_wconf 87' lang='lat' dir='ltr'>(thuribulumAel.</span> <span class='ocrx_word' id='word_1_240' title='bbox 510 2989 554 3054; x_wconf 86' lang='grc' dir='ltr'>Η.</span> <span class='ocrx_word' id='word_1_241' title='bbox 564 2990 607 3056; x_wconf 84' lang='lat' dir='ltr'>V.</span> <span class='ocrx_word' id='word_1_242' title='bbox 619 2997 668 3071; x_wconf 83' lang='lat'>12,</span> <span class='ocrx_word' id='word_1_243' title='bbox 678 2996 728 3056; x_wconf 82' lang='lat'>51.</span> <span class='ocrx_word' id='word_1_244' title='bbox 751 2987 854 3054; x_wconf 86' lang='lat' dir='ltr'>Thuc.</span> <span class='ocrx_word' id='word_1_245' title='bbox 864 2994 894 3072; x_wconf 89' lang='lat'>6,</span> <span class='ocrx_word' id='word_1_246' title='bbox 902 2996 954 3056; x_wconf 83' lang='lat'>46.</span> <span class='ocrx_word' id='word_1_247' title='bbox 962 2989 1018 3076; x_wconf 80' lang='lat' dir='ltr'>ab)</span> <span class='ocrx_word' id='word_1_248' title='bbox 1035 2990 1189 3058; x_wconf 83' lang='lat' dir='ltr'>2Chrou.</span> 
     </span>
     <span class='ocr_line' id='line_1_28' title="bbox 127 3090 1190 3183; baseline 0.003 -28"><span class='ocrx_word' id='word_1_249' title='bbox 127 3103 179 3178; x_wconf 82' lang='lat'>26,</span> <span class='ocrx_word' id='word_1_250' title='bbox 195 3103 245 3162; x_wconf 86' lang='lat'>19.</span> <span class='ocrx_word' id='word_1_251' title='bbox 273 3094 332 3155; x_wconf 83' lang='lat' dir='ltr'>Ez.</span> <span class='ocrx_word' id='word_1_252' title='bbox 350 3098 380 3173; x_wconf 88' lang='lat'>8,</span> <span class='ocrx_word' id='word_1_253' title='bbox 398 3097 449 3155; x_wconf 92' lang='grc'>11.</span> <span class='ocrx_word' id='word_1_254' title='bbox 477 3104 508 3155; x_wconf 92' lang='lat' dir='ltr'>et</span> <span class='ocrx_word' id='word_1_255' title='bbox 528 3103 627 3183; x_wconf 49' lang='lat' dir='ltr'>nippis.</span> <span class='ocrx_word' id='word_1_256' title='bbox 649 3090 734 3178; x_wconf 92' lang='lat' dir='ltr'>quod</span> <span class='ocrx_word' id='word_1_257' title='bbox 753 3090 947 3156; x_wconf 83' lang='lat' dir='ltr'>vocabulum</span> <span class='ocrx_word' id='word_1_258' title='bbox 970 3091 1070 3155; x_wconf 89' lang='lat' dir='ltr'>iidem</span> <span class='ocrx_word' id='word_1_259' title='bbox 1089 3095 1190 3158; x_wconf 89' lang='lat' dir='ltr'>inter·</span> 
     </span>
     <span class='ocr_line' id='line_1_29' title="bbox 126 3190 1191 3285; baseline 0 -25"><span class='ocrx_word' id='word_1_260' title='bbox 126 3209 236 3285; x_wconf 88' lang='lat' dir='ltr'>pretes</span> <span class='ocrx_word' id='word_1_261' title='bbox 254 3205 487 3285; x_wconf 84' lang='lat' dir='ltr'>expresserunt</span> <span class='ocrx_word' id='word_1_262' title='bbox 502 3193 627 3257; x_wconf 85' lang='lat' dir='ltr'>Graeco</span> <span class='ocrx_word' id='word_1_263' title='bbox 639 3194 776 3276; x_wconf 84' lang='grc' dir='ltr'><strong><em>ιτυρεῖον</em></strong></span> <span class='ocrx_word' id='word_1_264' title='bbox 788 3192 854 3256; x_wconf 83' lang='lat' dir='ltr'>Ex.</span> <span class='ocrx_word' id='word_1_265' title='bbox 861 3197 913 3274; x_wconf 91' lang='grc'>27,</span> <span class='ocrx_word' id='word_1_266' title='bbox 924 3199 955 3257; x_wconf 89' lang='grc'><strong>3.</strong></span> <span class='ocrx_word' id='word_1_267' title='bbox 969 3198 1028 3273; x_wconf 85' lang='grc'>38,</span> <span class='ocrx_word' id='word_1_268' title='bbox 1038 3190 1082 3258; x_wconf 86' lang='grc'>3.’</span> <span class='ocrx_word' id='word_1_269' title='bbox 1091 3192 1124 3259; x_wconf 91' lang='lat' dir='ltr'>N</span> <span class='ocrx_word' id='word_1_270' title='bbox 1126 3217 1191 3260; x_wconf 85' lang='lat' dir='ltr'>um.</span> 
     </span>
     <span class='ocr_line' id='line_1_30' title="bbox 129 3289 1193 3381; baseline -0.005 -16"><span class='ocrx_word' id='word_1_271' title='bbox 129 3307 179 3381; x_wconf 85' lang='grc'>16,</span> <span class='ocrx_word' id='word_1_272' title='bbox 203 3302 254 3362; x_wconf 87' lang='grc'>37.</span> <span class='ocrx_word' id='word_1_273' title='bbox 301 3296 433 3360; x_wconf 83' lang='lat' dir='ltr'>Suidas:</span> <span class='ocrx_word' id='word_1_274' title='bbox 465 3299 616 3377; x_wconf 82' lang='grc' dir='ltr'><strong><em>τινριῖσν,</em></strong></span> <span class='ocrx_word' id='word_1_275' title='bbox 645 3289 885 3379; x_wconf 75' lang='grc' dir='ltr'><strong><em>θυμιατήριον.</em></strong></span> <span class='ocrx_word' id='word_1_276' title='bbox 928 3289 1145 3359; x_wconf 80' lang='lat' dir='ltr'>Thuribulur&#39;n</span> <span class='ocrx_word' id='word_1_277' title='bbox 1173 3319 1193 3360; x_wconf 84' lang='lat' dir='ltr'>a</span> 
     </span>
     <span class='ocr_line' id='line_1_31' title="bbox 126 3390 1192 3487; baseline -0.004 -24"><span class='ocrx_word' id='word_1_278' title='bbox 126 3396 279 3487; x_wconf 87' lang='lat' dir='ltr'>pontifice</span> <span class='ocrx_word' id='word_1_279' title='bbox 293 3399 326 3460; x_wconf 92' lang='lat' dir='ltr'>in</span> <span class='ocrx_word' id='word_1_280' title='bbox 342 3398 437 3479; x_wconf 88' lang='lat' dir='ltr'>adyta</span> <span class='ocrx_word' id='word_1_281' title='bbox 447 3396 584 3476; x_wconf 89' lang='lat' dir='ltr'>illatum,</span> <span class='ocrx_word' id='word_1_282' title='bbox 607 3416 679 3457; x_wconf 91' lang='lat' dir='ltr'>cum</span> <span class='ocrx_word' id='word_1_283' title='bbox 694 3391 807 3457; x_wconf 86' lang='lat' dir='ltr'>usibus</span> <span class='ocrx_word' id='word_1_284' title='bbox 822 3392 917 3455; x_wconf 90' lang='lat' dir='ltr'>huius</span> <span class='ocrx_word' id='word_1_285' title='bbox 931 3390 996 3455; x_wconf 92' lang='lat' dir='ltr'>loci</span> <span class='ocrx_word' id='word_1_286' title='bbox 1020 3397 1192 3459; x_wconf 87' lang='lat' dir='ltr'>sanctissi-</span> 
     </span>
     <span class='ocr_line' id='line_1_32' title="bbox 126 3491 1191 3580; baseline -0.006 -16"><span class='ocrx_word' id='word_1_287' title='bbox 126 3502 170 3566; x_wconf 88' lang='lat' dir='ltr'>rni</span> <span class='ocrx_word' id='word_1_288' title='bbox 195 3498 385 3577; x_wconf 86' lang='lat' dir='ltr'>inserviret,</span> <span class='ocrx_word' id='word_1_289' title='bbox 411 3518 546 3560; x_wconf 87' lang='lat' dir='ltr'>aureum</span> <span class='ocrx_word' id='word_1_290' title='bbox 569 3518 599 3559; x_wconf 84' lang='lat' dir='ltr'>v.</span> <span class='ocrx_word' id='word_1_291' title='bbox 615 3494 746 3580; x_wconf 89' lang='lat' dir='ltr'>Ioseph.</span> <span class='ocrx_word' id='word_1_292' title='bbox 765 3494 841 3558; x_wconf 86' lang='lat' dir='ltr'>Ant.</span> <span class='ocrx_word' id='word_1_293' title='bbox 859 3500 888 3574; x_wconf 88' lang='grc'>3,</span> <span class='ocrx_word' id='word_1_294' title='bbox 905 3499 936 3558; x_wconf 91' lang='grc'><strong>8.</strong></span> <span class='ocrx_word' id='word_1_295' title='bbox 956 3499 987 3556; x_wconf 91' lang='grc'>3.</span> <span class='ocrx_word' id='word_1_296' title='bbox 1010 3491 1049 3556; x_wconf 92' lang='grc' dir='ltr'>Β.</span> <span class='ocrx_word' id='word_1_297' title='bbox 1066 3493 1093 3557; x_wconf 91' lang='grc' dir='ltr'>Ι.</span> <span class='ocrx_word' id='word_1_298' title='bbox 1110 3503 1143 3576; x_wconf 88' lang='grc'>1,</span> <span class='ocrx_word' id='word_1_299' title='bbox 1160 3501 1191 3562; x_wconf 88' lang='grc'>7.</span> 
     </span>
     <span class='ocr_line' id='line_1_33' title="bbox 127 3593 1192 3681; baseline -0.004 -17"><span class='ocrx_word' id='word_1_300' title='bbox 127 3596 324 3664; x_wconf 88' lang='lat' dir='ltr'>thuribulum</span> <span class='ocrx_word' id='word_1_301' title='bbox 340 3601 450 3681; x_wconf 93' lang='lat' dir='ltr'>quoin</span> <span class='ocrx_word' id='word_1_302' title='bbox 466 3598 584 3662; x_wconf 86' lang='lat' dir='ltr'>Sancto</span> <span class='ocrx_word' id='word_1_303' title='bbox 598 3594 740 3679; x_wconf 83' lang='lat' dir='ltr'>quotidie</span> <span class='ocrx_word' id='word_1_304' title='bbox 754 3593 934 3674; x_wconf 88' lang='lat' dir='ltr'>utebantur,</span> <span class='ocrx_word' id='word_1_305' title='bbox 955 3615 1000 3657; x_wconf 87' lang='lat' dir='ltr'>ex</span> <span class='ocrx_word' id='word_1_306' title='bbox 1012 3616 1089 3659; x_wconf 86' lang='lat' dir='ltr'>acre</span> <span class='ocrx_word' id='word_1_307' title='bbox 1105 3610 1192 3660; x_wconf 88' lang='lat' dir='ltr'>stru·</span> 
     </span>
     <span class='ocr_line' id='line_1_34' title="bbox 129 3683 1193 3781; baseline -0.006 -14"><span class='ocrx_word' id='word_1_308' title='bbox 129 3714 213 3767; x_wconf 91' lang='lat' dir='ltr'>ctum</span> <span class='ocrx_word' id='word_1_309' title='bbox 236 3709 305 3763; x_wconf 90' lang='lat' dir='ltr'>erat</span> <span class='ocrx_word' id='word_1_310' title='bbox 326 3719 358 3761; x_wconf 88' lang='lat' dir='ltr'>v.</span> <span class='ocrx_word' id='word_1_311' title='bbox 377 3696 443 3761; x_wconf 84' lang='lat' dir='ltr'>Ex.</span> <span class='ocrx_word' id='word_1_312' title='bbox 458 3704 509 3779; x_wconf 87' lang='lat'>38,</span> <span class='ocrx_word' id='word_1_313' title='bbox 525 3703 555 3762; x_wconf 82' lang='lat'>3.</span> <span class='ocrx_word' id='word_1_314' title='bbox 584 3696 746 3761; x_wconf 83' lang='lat' dir='ltr'>Brauninc</span> <span class='ocrx_word' id='word_1_315' title='bbox 768 3697 802 3759; x_wconf 89' lang='lat' dir='ltr'>in</span> <span class='ocrx_word' id='word_1_316' title='bbox 823 3683 999 3759; x_wconf 85' lang='lat' dir='ltr'>Commeat.</span> <span class='ocrx_word' id='word_1_317' title='bbox 1023 3696 1059 3757; x_wconf 89' lang='lat' dir='ltr'>in</span> <span class='ocrx_word' id='word_1_318' title='bbox 1082 3719 1133 3781; x_wconf 88' lang='lat' dir='ltr'>ep.</span> <span class='ocrx_word' id='word_1_319' title='bbox 1150 3700 1193 3761; x_wconf 91' lang='lat' dir='ltr'>ad</span> 
     </span>
     <span class='ocr_line' id='line_1_35' title="bbox 128 3793 1193 3884; baseline -0.002 -17"><span class='ocrx_word' id='word_1_320' title='bbox 128 3801 231 3867; x_wconf 86' lang='lat' dir='ltr'>llcbr.</span> <span class='ocrx_word' id='word_1_321' title='bbox 246 3823 278 3884; x_wconf 82' lang='lat' dir='ltr'>p·</span> <span class='ocrx_word' id='word_1_322' title='bbox 294 3806 379 3879; x_wconf 76' lang='lat'>494,</span> <span class='ocrx_word' id='word_1_323' title='bbox 404 3809 437 3860; x_wconf 89' lang='lat' dir='ltr'>ct</span> <span class='ocrx_word' id='word_1_324' title='bbox 451 3798 640 3884; x_wconf 67' lang='lat' dir='ltr'>Deplc‘ngc&#39;us</span> <span class='ocrx_word' id='word_1_325' title='bbox 659 3796 758 3861; x_wconf 83' lang='lat' dir='ltr'>Obss.</span> <span class='ocrx_word' id='word_1_326' title='bbox 774 3794 864 3858; x_wconf 82' lang='lat' dir='ltr'>Saos.</span> <span class='ocrx_word' id='word_1_327' title='bbox 881 3794 918 3857; x_wconf 89' lang='lat' dir='ltr'>P.</span> <span class='ocrx_word' id='word_1_328' title='bbox 933 3802 963 3860; x_wconf 92' lang='grc'>2.</span> <span class='ocrx_word' id='word_1_329' title='bbox 986 3793 1069 3859; x_wconf 85' lang='lat' dir='ltr'>obs.</span> <span class='ocrx_word' id='word_1_330' title='bbox 1083 3803 1137 3862; x_wconf 88' lang='grc'>47.</span> <span class='ocrx_word' id='word_1_331' title='bbox 1159 3822 1193 3884; x_wconf 83' lang='lat' dir='ltr'>p.</span> 
     </span>
     <span class='ocr_line' id='line_1_36' title="bbox 128 3897 1194 3982; baseline -0.004 -15"><span class='ocrx_word' id='word_1_332' title='bbox 128 3908 201 3968; x_wconf 81' lang='lat'>430.</span> <span class='ocrx_word' id='word_1_333' title='bbox 216 3904 251 3963; x_wconf 93' lang='lat' dir='ltr'>in</span> <span class='ocrx_word' id='word_1_334' title='bbox 267 3901 449 3963; x_wconf 81' lang='lat' dir='ltr'>caluerunt</span> <span class='ocrx_word' id='word_1_335' title='bbox 465 3901 634 3978; x_wconf 88' lang='lat' dir='ltr'>sententia,</span> <span class='ocrx_word' id='word_1_336' title='bbox 656 3911 691 3961; x_wconf 90' lang='lat' dir='ltr'>ut</span> <span class='ocrx_word' id='word_1_337' title='bbox 709 3908 884 3962; x_wconf 87' lang='lat' dir='ltr'>statuerent</span> <span class='ocrx_word' id='word_1_338' title='bbox 901 3909 1031 3982; x_wconf 87' lang='lat' dir='ltr'>praeter</span> <span class='ocrx_word' id='word_1_339' title='bbox 1043 3897 1194 3965; x_wconf 88' lang='lat' dir='ltr'>thuribu-</span> 
     </span>
     <span class='ocr_line' id='line_1_37' title="bbox 128 3997 1195 4089; baseline -0.003 -23"><span class='ocrx_word' id='word_1_340' title='bbox 128 4003 206 4084; x_wconf 86' lang='lat' dir='ltr'>lum,</span> <span class='ocrx_word' id='word_1_341' title='bbox 228 3998 370 4066; x_wconf 84' lang='lat' dir='ltr'>arculam</span> <span class='ocrx_word' id='word_1_342' title='bbox 385 4023 512 4089; x_wconf 86' lang='lat' dir='ltr'>quoque</span> <span class='ocrx_word' id='word_1_343' title='bbox 527 3997 686 4062; x_wconf 87' lang='lat' dir='ltr'>thuralem</span> <span class='ocrx_word' id='word_1_344' title='bbox 701 4021 727 4062; x_wconf 87' lang='lat' dir='ltr'>s.</span> <span class='ocrx_word' id='word_1_345' title='bbox 749 4019 903 4078; x_wconf 82' lang='lat' dir='ltr'>acerram,</span> <span class='ocrx_word' id='word_1_346' title='bbox 925 4009 1069 4060; x_wconf 85' lang='lat' dir='ltr'>aromata</span> <span class='ocrx_word' id='word_1_347' title='bbox 1089 4001 1195 4063; x_wconf 89' lang='lat' dir='ltr'>conti-</span> 
     </span>
     <span class='ocr_line' id='line_1_38' title="bbox 25 4099 1196 4197; baseline 0.001 -31"><span class='ocrx_word' id='word_1_348' title='bbox 25 4176 32 4197; x_wconf 42' lang='lat'><strong>·</strong></span> <span class='ocrx_word' id='word_1_349' title='bbox 131 4115 270 4182; x_wconf 91' lang='lat' dir='ltr'>nentem,</span> <span class='ocrx_word' id='word_1_350' title='bbox 293 4099 479 4187; x_wconf 88' lang='lat' dir='ltr'>pontificem</span> <span class='ocrx_word' id='word_1_351' title='bbox 500 4121 609 4163; x_wconf 92' lang='lat' dir='ltr'>secum</span> <span class='ocrx_word' id='word_1_352' title='bbox 630 4101 802 4179; x_wconf 88' lang='lat' dir='ltr'>sumsisse,</span> <span class='ocrx_word' id='word_1_353' title='bbox 827 4111 858 4161; x_wconf 89' lang='lat' dir='ltr'>et</span> <span class='ocrx_word' id='word_1_354' title='bbox 872 4105 1047 4185; x_wconf 68' lang='lat' dir='ltr'>{utrumque</span> <span class='ocrx_word' id='word_1_355' title='bbox 1066 4119 1128 4164; x_wconf 88' lang='lat' dir='ltr'>vas</span> <span class='ocrx_word' id='word_1_356' title='bbox 1152 4100 1196 4167; x_wconf 90' lang='lat' dir='ltr'>ab</span> 
     </span>
     <span class='ocr_line' id='line_1_39' title="bbox 133 4197 1195 4294; baseline -0.001 -27"><span class='ocrx_word' id='word_1_357' title='bbox 133 4200 291 4294; x_wconf 79' lang='lat' dir='ltr'>epistolae</span> <span class='ocrx_word' id='word_1_358' title='bbox 314 4202 478 4270; x_wconf 84' lang='lat' dir='ltr'>conditore</span> <span class='ocrx_word' id='word_1_359' title='bbox 497 4198 673 4294; x_wconf 81' lang='lat' dir='ltr'>significari</span> <span class='ocrx_word' id='word_1_360' title='bbox 689 4222 769 4265; x_wconf 87' lang='lat' dir='ltr'>voce</span> <span class='ocrx_word' id='word_1_361' title='bbox 791 4197 1031 4286; x_wconf 70' lang='grc' dir='ltr'><strong><em>θυμιατήριον.</em></strong></span> <span class='ocrx_word' id='word_1_362' title='bbox 1075 4201 1145 4268; x_wconf 80' lang='lat' dir='ltr'>Sed</span> <span class='ocrx_word' id='word_1_363' title='bbox 1158 4216 1195 4266; x_wconf 88' lang='lat' dir='ltr'>ut</span> 
     </span>
    </p>
   </div>
   <div class='ocr_carea' id='block_1_5' title="bbox 0 0 1308 4746">
    <p class='ocr_par' dir='ltr' id='par_1_5' title="bbox 0 0 1308 4746">
     <span class='ocr_line' id='line_1_40' title="bbox 0 0 1308 4746; baseline 0 0"><span class='ocrx_word' id='word_1_364' title='bbox 0 0 1308 4746; x_wconf 95' lang='lat' dir='ltr'> </span> 
     </span>
    </p>
   </div>
  </div>
 </body>
</html>
