2604 4746
374 307 539 383 Gerar
562 306 710 383 X1.·v.
736 311 797 382 25.
840 277 878 376 's
1028 296 1116 405 [127

129 454 194 544 25.
215 475 349 560 μᾶλλον
373 467 528 560 ἑλόμενος
546 469 860 569 συνκακουχεῖσθαιἰ
884 468 933 556 τῷ
959 470 1030 562 λαῷ
1060 474 1120 541 τοῦ

95 577 161 664 rori]
181 580 295 642 atalait
309 582 420 662 potata
434 596 502 640 cam
520 576 639 661 popolo
661 570 732 635 Dei
749 574 870 656 affligi:
892 572 992 659 αἱρέοι
1013 583 1118 661 capio,

96 678 204 755 edium
219 675 376 759 αἱρέομαι
388 675 467 739 αιἸιι·
476 682 579 760 capio,
601 673 676 736 hinc
690 674 784 754 eligo,
804 671 966 756 praefero
981 697 1013 741 v.
1026 675 1118 742 Dra.

95 787 159 860 piac.
171 777 213 840 de
228 774 271 839 V.
289 775 336 840 M.
350 770 382 861 p'.
398 779 456 841 161
467 795 522 861 sq.
545 771 700 838 Formula
720 771 854 856 μᾶλλον
875 773 1060 860 αἱρεῖσθαι,
1071 778 1131 845 Ιο-’

95 890 143 941 tur
158 898 211 961 ap.
228 877 317 941 Xen.
330 874 429 960 Apol.
441 880 475 938 ’9.
496 871 677 960 αἱρήσομαι
689 873 847 959 τελευτᾷν
856 875 997 959 μᾶλλον,
1010 873 1033 957 ἢ
1044 875 1121 946 οἶνοι

95 977 236 1060 adipson
251 999 280 1041 a.
294 975 368 1040 πλ.
385 975 459 1038 add.
474 975 562 1039 Xen.
579 973 679 1038 Mem.
688 978 719 1052 2,
733 975 764 1036 6.
779 979 830 1036 22.
852 972 953 1038 Plura
968 980 1120 1066 exempla
1222 1030 1226 1038 ,
1258 998 1261 1005 ·

95 1075 246 1140 [scribere
263 1079 367 1163 piget3
391 1097 502 1139 eorum
518 1075 572 1160 qui
585 1073 719 1157 cupidus
734 1073 776 1135 sit
789 1073 885 1139 adeat
898 1075 1119 1172 Wetcteaiam.

95 1179 298 1263 ινονχεῑσθαι
312 1188 419 1241 notat:
439 1178 522 1241 male
540 1180 692 1254 tractari,
715 1173 950 1240 calamitatibus
959 1188 1077 1264 premi,
1086 1194 1136 1261 ut·

111 1283 161 1342 37.
185 1285 235 1357 13,
251 1284 281 1342 3.
312 1275 495 1340 Diodrsic.
514 1278 546 1353 3,
562 1281 615 1338 22.
635 1272 668 1338 i.
685 1274 832 1360 Kppkiao
858 1274 899 1337 ad
920 1297 952 1339 v.
971 1284 1023 1376 31.
1048 1301 1122 1347 ver.

95 1400 141 1440 nm
154 1380 368 1461 compositam
385 1375 697 1460 συνκακουχεῖσθαι
719 1379 800 1440 mole
815 1385 963 1443 tractari
978 1401 1045 1444 coco
1060 1387 1123 1449 ali-

95 1499 140 1559 ιο,
165 1485 200 1543 ia
222 1485 408 1550 societatem
431 1481 583 1544 maloram
605 1479 742 1543 alisciae
761 1485 872 1543 oeaire
894 1477 927 1541 h.
951 1478 973 1543 l.
998 1493 1121 1551 tantum
1162 1517 1180 1561 s
1265 1545 1268 1555 ,

95 1581 193 1664 egitur.
238 1576 333 1654 Quod
350 1591 456 1643 autem
472 1575 558 1642 mala
571 1577 644 1660 ipsa
659 1580 781 1656 attinet,
799 1574 1123 1663 quibuslMosesana
1159 1647 1161 1650 .

95 1701 138 1746 nm
160 1678 282 1765 populo
300 1678 366 1743 Dei
388 1678 491 1765 affligi
509 1675 654 1741 voluisse
675 1678 801 1757 dicitur,
823 1698 887 1741 non
908 1683 1125 1764 respiciuntur

95 1803 122 1858 a,
142 1779 259 1867 quibus
284 1779 424 1865 populus
448 1783 483 1842 in
505 1777 655 1863 Aegypto
678 1775 886 1862 premebatur
905 1796 938 1841 v.
954 1780 1019 1844 Ex.
1037 1790 1066 1866 1,
1084 1792 1121 1852 11

95 1901 122 1964 q.
140 1881 222 1944 haec
243 1883 329 1943 enim
352 1880 439 1945 mala
457 1900 522 1943 non
541 1878 640 1943 subiit
654 1877 779 1959 MoseS,
802 1878 863 1942 sed
878 1877 1028 1965 exilium,
1050 1882 1127 1950 lon-¹

95 1983 187 2068 ‚aitqua
198 1981 428 2066 peregrinatio,
441 1981 568 2043 itineris
584 1978 796 2052 incommoda.
818 1977 863 2066 τῷ
879 1978 951 2066 λαῷ
964 1984 1032 2048 τοῦ-
1040 1983 1126 2053 θεοῦ

95 2081 187 2166 copulo
209 2078 284 2144 Deo
308 2080 485 2165 peculiari,
503 2081 651 2166 inprimis
673 2101 767 2160 caro,
790 2100 852 2165 qao
873 2083 1002 2146 nomine
1022 2087 1125 2155 inv.

95 2178 343 2269 [insigniuntur
366 2179 523 2260 Hebraei,
544 2182 579 2243 in
600 2179 643 2246 N.
658 2177 699 2244 Τ.
717 2181 882 2243 christiani
894 2201 925 2243 r.
941 2187 974 2260 4,
991 2189 1021 2248 9.
1042 2184 1125 2251 Luc.

95 2285 111 2359 Ι,
122 2289 166 2347 17.
197 2281 408 2361 Aet.15,14.
432 2280 475 2345 al.
517 2278 589 2344 Hac
614 2292 722 2345 autern
742 2280 1025 2348 circumlocutione
1045 2306 1126 2353 usus
1188 2360 1191 2364 ,
1228 2364 1231 2369 ,

95 2392 125 2443 est
138 2385 283 2467 scriptor,
305 2394 341 2444 ut
362 2382 538 2473 indicaret,
559 2379 730 2445 honestam
754 2393 786 2446 et
811 2403 882 2446 oum
903 2381 1125 2471 fideiepietate

95 2485 271 2565 coniunctam
290 2481 372 2545 hanc
392 2480 550 2563 malorum
573 2483 817 2567 perpessionem
839 2482 953 2571 fnisse.
981 2482 1004 2566 ἢ
1027 2486 1134 2575 πρός.4
1210 2537 1214 2549 ,

95 2599 194 2668 torpeo
207 2570 295 2668 ligeto
309 2578 481 2668 ἁμαρτίας
499 2578 703 2668 αἰιόλανσιν]
724 2603 816 2668 qaam
829 2604 896 2668 per
917 2581 1014 2651 breve
1030 2588 1127 2658 huius

95 2680 158 2746 ritae
173 2680 539 2768 tempocpeccatofrai.
581 2681 688 2746 Mosis
711 2680 864 2768 exemplo
889 2687 1046 2770 epistolae
1071 2697 1129 2758 aa.

95 2791 142 2846 11ο1
154 2784 293 2849 lectores
308 2803 438 2846 monere
456 2781 598 2861 volebat,
620 2793 655 2844 ut
673 2779 871 2848 calamitates
886 2801 1019 2873 propter
1034 2792 1129 2860 Chri.

95 2883 121 2944 rti
137 2883 327 2968 religionem
350 2884 469 2969 promti
490 2894 522 2947 et
545 2894 727 2946 constantes
751 2884 943 2968 perferrent,
963 2898 1130 2960 terrestria
1240 2961 1243 2967 .

95 2976 160 3047 bona
184 2997 216 3057 et
238 2983 422 3063 commoda,
453 2956 585 3070 quibus,
616 2982 645 3046 si
668 2981 790 3046 Christi
816 2986 909 3072 signa
931 2988 1129 3079 desererent,

95 3085 196 3162 perfrui
211 3085 356 3169 possent,
369 3084 720 3169 despicerent‚”11sque
741 3084 938 3149 anteferrent
952 3086 1037 3155 bona
1055 3116 1130 3160 coe

95 3178 172 3250 iestia
187 3185 362 3269 eademque
374 3194 531 3268 perpetua
545 3205 576 3247 v.
594 3187 645 3246 26.
664 3195 748 3246 extr.
792 3184 952 3273 Itaque‘
930 3190 1080 3277 apapu'a
1094 3209 1132 3262 ut

95 3288 132 3366 10,
147 3292 196 3351 26.
220 3285 432 3348 defectionem
454 3306 475 3347 a
494 3283 651 3368 religione
670 3280 822 3361 declarat,
844 3289 1009 3371 speciatim
1024 3292 1056 3359 h.
1072 3295 1132 3365 La

95 3384 235 3471 religione
259 3384 401 3448 Iudaica.
451 3385 507 3448 Ex
531 3395 636 3449 mente
668 3385 833 3469 scriptoris
862 3391 965 3454 nostri
990 3391 1131 3465 deficere

95 3480 243 3550 debuisset
256 3484 369 3549 Moses
386 3506 409 3549 a
420 3485 578 3570 religione
593 3484 691 3562 avite,
714 3496 746 3548 et
758 3485 935 3571 populares
949 3510 1025 3558 suos
1040 3495 1134 3565 dese

95 3602 162 3668 rere,
184 3589 214 3652 si
228 3589 262 3667 in
274 3586 367 3670 regia
380 3606 571 3670 permanere
588 3597 620 3648 et
634 3583 852 3670 voluptatibus
874 3601 969 3677 atque
994 3616 1134 3664 commc-
1196 3622 1199 3625 ’
1286 3598 1289 3605 ’

95 3681 135 3750 dis
153 3686 298 3753 omnibus
319 3686 384 3749 frui
406 3684 575 3767 voluisset,
598 3683 717 3773 quibus
733 3683 796 3750 filii
819 3699 852 3751 et
869 3705 1005 3775 nepotes
1021 3717 1134 3785 regum

96 3791 222 3869 gaudere
250 3787 382 3853 solent.
404 3784 609 3874 πρόσκαιρον
632 3789 745 3852 dicitnr
769 3809 863 3853 omne
883 3791 934 3872 id,
970 3800 1054 3882 qnod
1075 3824 1135 3887 pel·

97 3881 181 3955 breve
204 3903 330 3974 tempus
358 3886 467 3969 durat,
489 3888 574 3974 quod
599 3889 844 4008 temporarium,
865 3912 925 3957 neo
947 3913 1135 3983 perpetuum

98 3999 147 4070 est,
164 4004 199 4055 ut
214 3997 235 4055 2
250 3989 325 4065 Cor.
338 3997 370 4069 4,
387 3996 437 4054 18.
457 3986 520 4052 ubi
515 3985 717 4075 πρόσκαιρα
734 4002 767 4052 et
782 3986 898 4056 αἰώνια
918 3994 1008 4059 sibi
998 4003 1139 4069 laricem

99 4095 322 4174 opponuntnra
334 4087 539 4171 Macc.7,16.
561 4085 765 4176 πρόσκαιρος
778 4089 933 4178 σωτηρία.
954 4093 1090 4167 Herodi.
1105 4111 1135 4185 t,

99 4187 124 4245 1·
138 4194 164 4256 6.
193 4189 395 4281 πρόσκαιρος
414 4185 602 4260 δυναστεία.
624 4187 965 4277 inanimatam.
988 4197 1137 4272 trottae.
