2604 4746
301 277 302 282 ί
350 298 514 376 Carnu
539 295 613 372 XI.
647 319 685 375 v.
709 275 771 373 23¹.
796 301 886 385 24.,
1060 310 1132 380 426

95 467 142 532 ix.
156 473 188 548 2,
203 472 235 532 2.
248 469 280 531 3.
301 461 406 530 Mosis
421 464 515 528 matri
528 459 698 528 occultatio
712 464 806 548 pueri
818 461 1022 530 adscribitur.
1064 464 1133 540 Ne,-

95 582 140 655 ιιιο
152 581 259 632 tamen
274 563 350 629 inde
365 561 478 650 colligi
490 575 609 649 potest·
630 551 765 651 puerum
784 565 888 630 inscio
909 577 1002 650 patre
1026 567 1134 633 occul·

95 681 175 733 atum
191 667 304 731 fuisse.
347 661 458 742 Quare
476 665 573 729 etiam
585 662 804 730 Alexandrini
817 667 1013 750 interpretes
1028 669 1093 732 Ex.
1110 669 1134 735 l.

95 767 221 834 .verba
240 763 404 831 Hebraico
423 777 675 850 expresserunt:
697 760 828 842 ἰδόντες
849 769 885 835 δὲ
904 766 991 833 aaut
1006 765 1134 856 (ἄρσιν)
1150 794 1152 798 ’
1170 782 1181 829 ἃ
1213 805 1216 813 ·

95 864 283 950 attactu,
304 865 490 932 ἐσκέπασαν
506 864 594 931 αὐτὸ
606 861 720 951 μῆνας
734 869 823 952 τρεῖς
835 887 889 951 up.
910 881 1077 952 parentem
1101 883 1136 937 et

95 969 260 1055 ltepbanus
278 967 353 1032 Act.
370 973 402 1048 7,
419 973 472 1032 20.
492 967 539 1030 ita
554 964 693 1055 loquens
706 966 884 1034 inducitur:
904 963 943 1044 ilc
957 967 1135 1058 οίνετροίφη

95 1067 183 1148 cirac
204 1069 293 1154 τρεῖς
315 1065 351 1132 ἐν
363 1065 408 1155 τῷ
423 1065 507 1157 οἴκῳ
523 1066 580 1132 τοῦ
596 1063 733 1155 πατρός.
774 1068 1052 1135 Commemoratur
1066 1072 1133 1135 Ex.

95 1160 452 1254 ..1.ιιιιιιοι,(ιιιοιιίειιιιΙ
470 1189 510 1231 ea
531 1168 675 1234 maxime
695 1171 867 1253 negotiosa
890 1168 998 1234 fuerat
1019 1171 1055 1234 in
1080 1192 1135 1235 oe-

95 1267 226 1333 cultando
250 1282 283 1333 et
308 1268 484 1332 servando
481 1288 611 1352 puero.
659 1265 910 1334 Alexandrinos
923 1281 957 1333 et
979 1281 1135 1353 nostrum,

95 1367 237 1453 pluralem
257 1368 448 1435 adhibentes
474 1368 678 1433 traditionem
696 1389 770 1433 esse
792 1374 934 1460 secutos,
959 1367 1137 1438 Scdmtdice

95 1481 121 1532 et
136 1469 281 1557 Βόίνιίαι
303 1471 485 1561 opinantur.
521 1465 607 1536 διότι
634 1458 726 1537 εἶδον
755 1465 893 1536 α’στείον
920 1465 960 1537 τὸ
986 1470 1136 1560 παιδίον]

95 1577 222 1687 pepusam
241 1571 424 1650 formosam
449 1569 613 1649 infament
641 1590 711 1636 eree
736 1569 906 1637 emebant.-
934 1568 1071 1649 α’στείος
1095 1573 1137 1642 de

95 1670 171 1734 arius
198 1669 352 1735 vocabuli
384 1668 678 1758 significationibus
706 1667 802 1756 plura
831 1670 1067 1756 disputavimus
1094 1673 1138 1738 ad

95 1767 153 1834 ac.
166 1774 197 1854 7,
211 1777 265 1837 20.
279 1775 313 1836 in
327 1793 414 1838 vers.
429 1771 530 1838 Alex.
544 1772 611 1835 Ex.
625 1770 649 1836 l.
661 1768 686 1836 l.
699 1771 876 1855 respondet
892 1769 1051 1837 vocabulo
1070 1773 1135 1840 uic

95 1872 166 1954 quod
185 1871 401 1938 Alexandrini
422 1873 537 1939 Iudaei
560 1870 644 1936 Gen.
660 1877 713 1952 24,
730 1877 781 1936 16.
800 1884 1034 1962 expresserunt
1055 1894 1137 1939 voce

95 1968 187 2047 satta
223 1970 305 2038 Gen.
327 1979 379 2054 26,
403 1978 433 2040 7.
455 1973 592 2057 ὡραῖος.
619 1971 798 2056 Symmacb.
821 1971 886 2036 Ex.
909 1978 940 2055 2,
960 1979 992 2038 2.
1023 1970 1138 2050 καλός.

96 2065 305 2157 Διαμαθός.
331 2071 474 2157 Hesyoh.
488 2070 611 2154 καλὸς,
637 2067 794 2158 ἰπίχαρις.
832 2073 967 2138 Suidas:
995 2072 1139 2155 ἀστεῖος,

96 2167 268 2259 είοιίνετος,
290 2171 516 2261 εὐπρόσωπος,
539 2169 652 2249 καλός.
674 2171 805 2260 Ioseph.
821 2174 896 2240 Ant.
912 2180 944 2255 2,
959 2180 991 2239 9.
1006 2179 1038 2240 7.
1062 2171 1139 2240 Μο-
1235 2246 1236 2251 1

96 2288 143 2336 sen
164 2288 258 2340 vocat
278 2277 387 2343 παῖδα
413 2276 532 2364 μορφῇ
554 2274 653 2340 θεῖον
668 2295 805 2362 pueram
818 2274 936 2353 forma
956 2276 1125 2340 diuinam
1115 2296 1138 2339 ι.

96 2369 358 2492 famosissimum.
388 2373 482 2439 Philo
514 2374 553 2437 de
582 2371 662 2438 Vita
684 2374 771 2440 Mos.
799 2397 833 2460 p.
855 2379 929 2441 604.
940 2377 1139 2495 γεννηθεὶς

98 2461 143 2540 οίν
156 2473 175 2543 ὁ
187 2478 268 2563 παῖς
281 2473 421 2552 εδθύς’
409 2473 493 2559 όψιν
509 2472 669 2556 ἐνέφηνεν
687 2473 943 2560 αότειοτίραν
922 2499 943 2541 ν
960 2496 1024 2541 κατ
1023 2471 1139 2543 ι’διοί·

98 2591 186 2650 την.
182 2576 402 2643 Formositas
432 2573 538 2640 Mosis
571 2573 759 2659 parentibus
791 2588 861 2640 erat
885 2576 1012 2641 favoris
1038 2576 1140 2643 divini

98 2671 243 2762 indicium.
285 2675 427 2742 Veteres
447 2675 532 2738 enim
559 2672 707 2739 homines
732 2677 825 2742 diis
815 2676 963 2763 rriprimis
981 2699 1084 2758 caros,
1107 2690 1140 2743 et

98 2757 295 2844 nobilioribus
317 2778 433 2841 animis
451 2775 631 2861 praeditos,
652 2774 777 2842 formae
796 2778 994 2862 praestantia
1012 2777 1140 2864 pollere
1224 2822 1247 2869 .·

98 2879 310 2945 emanabant
328 2899 361 2942 ι’.
377 2875 475 2941 Hom
492 2873 590 2959 11.γ,
607 2880 679 2942 166.
707 2876 808 2962 Odys.
821 2874 867 2962 β,
881 2884 931 2942 12.
953 2873 1007 2957 δ’,
1023 2883 1074 2943 19
1098 2877 1139 2943 Π.

95 2993 129 3056 ι,
141 2985 208 3047 ιιι.
230 2987 246 3045 1
266 2978 354 3045 sam.
368 2984 401 3059 o,
417 2983 447 3042 ι.
471 2980 522 3055 ιο,
537 2981 589 3040 ιι.
611 2974 666 3043 ιε.
677 2983 732 3061 45,
748 2984 779 3045 a.
806 2977 901 3064 virg.
916 2976 1001 3041 Aen.
1017 2984 1048 3059 1,
1063 2984 1138 3044 496.

98 3074 156 3144 589.
172 3094 204 3154 et
218 3094 350 3168 propter
364 3078 449 3142 hanc
465 3078 559 3162 pueri
580 3076 815 3144 formositatem
833 3091 987 3163 parentes
1006 3099 1139 3165 sperare

97 3189 241 3263 poterant,
263 3203 336 3246 eum
358 3202 379 3245 a
399 3177 473 3243 Deo
491 3190 657 3242 servatum
670 3179 723 3243 iri.
745 3177 804 3242 καὶ
821 3176 884 3243 οὐκ
905 3177 1142 3269 ἐφοβήθησαν

98 3273 129 3340 ῐό
144 3280 316 3365 διάταγμα
339 3283 398 3346 τοῦ
419 3277 599 3366 βασιλέως]
621 3287 654 3342 ct
677 3284 763 3361 regis
782 3280 929 3361 edictam,
953 3279 994 3344 de
1016 3279 1140 3346 interfi-

96 3375 196 3446 olondo
220 3385 309 3449 omni
328 3382 420 3448 foetu
440 3378 583 3446 mascrdo
605 3379 670 3445 Ex.
691 3386 721 3461 1,
741 3383 790 3443 16.
810 3384 862 3443 22.
884 3389 1141 3448 contemserunt:

95 3468 256 3571 ltcccypc
268 3487 416 3563 edurum,
432 3486 594 3551 decretam
607 3481 722 3562 Ειι.7,
734 3484 785 3545 10
808 3477 886 3564 Sap.
904 3486 1003 3562 11,8.
1023 3502 1141 3560 νηπιο·

95 3580 200 3652 Ιῐτόνον
217 3570 461 3669 διατάγματος.
501 3580 598 3648 InN.
614 3578 656 3646 Τ.
671 3579 766 3645 libris
780 3579 842 3646 boc
862 3580 1056 3682 vocabulum
1068 3601 1143 3679 ιιοιι

95 3691 228 3752 recurrit.
250 3687 333 3752 Luc.
350 3693 383 3768 2,
404 3692 433 3750 1.
454 3705 514 3770 pro
528 3705 567 3748 eo
581 3705 661 3748 usus
678 3693 728 3747 est
742 3702 814 3748 voc.
832 3679 953 3770 δόγμα.

164 3795 217 3854 24.
239 3788 278 3854 Ιιι
292 3787 384 3853 codd.
400 3785 595 3851 nonnullis
584 3798 670 3904 mter
689 3805 721 3847 v.
734 3790 776 3849 23
790 3797 823 3850 et
839 3793 892 3851 24.
905 3783 1073 3850 interiecta
1090 3778 1141 3844 le·

95 3892 201 3960 nunu
214 3888 314 3955 baec:
335 3884 446 3955 πίστει
457 3889 561 3973 μέγας
573 3876 753 3971 γενόμινος
769 3885 918 3966 Macota
937 3881 1068 3951 α’νεῑλεν
1081 3877 1144 3949 τόν

95 3985 289 4074 Αίγύπτιον,
299 3986 471 4058 κατανοῶν
484 3987 547 4070 τήν
564 3983 763 4054 ταπείνωσιν
776 3982 842 4054 τῶν
859 3986 1013 4073 ἀδελφῶν
1027 3980 1144 4048 αὑτοῦ.
1264 4042 1267 4048 .

95 4075 232 4156 lanuino
252 4090 334 4157 baec
353 4090 455 4158 verba
470 4100 564 4178 putat
579 4089 705 4156 Μίίίίιιι
719 4087 808 4156 Prol.
824 4110 856 4151 u.
872 4093 947 4156 497.
966 4095 999 4149 et
1013 4107 1033 4151 e
1049 4082 1143 4149 codd.

95 4203 150 4268 pm
173 4191 252 4261 olim
273 4195 398 4261 incuria
412 4194 550 4277 scribae,
573 4189 615 4258 ob
632 4191 769 4281 repetita
783 4185 886 4256 rerba
900 4188 1143 4297 versuspruiora
