2632 4740
129 296 204 381 tto
392 291 548 369 cucur
572 293 673 369 xm
704 316 744 371 v.
772 301 831 370 13.
859 300 921 371 14.

127 460 347 542 intorpretoc¹
370 453 468 522 Haud
490 478 563 522 raro
584 459 703 523 occidit
723 458 853 543 optimis
876 457 1012 525 solutae
1034 463 1168 527 orationis

127 556 355 642 scriptoribus,
383 569 503 622 utnon
525 557 740 644 cogitantibus
760 579 877 624 versus
899 562 1097 626 exciderent
1120 562 1168 627 vid

136 657 271 736 Wolfiss
291 658 328 719 in
348 654 444 721 Coris
463 658 505 723 ad
530 656 596 723 lac.
621 665 652 738 1,
673 663 724 723 17.
763 658 925 744 Respexit
948 675 1065 726 noster
1081 661 1168 726 locon

127 757 224 822 Prov.
238 766 270 837 4,
285 761 336 823 36.
358 756 414 820 uhi
432 757 568 843 legitur:
595 757 711 842 ὀρθάς
728 754 861 845 τροχιὰς
881 759 980 825 ποίει
1003 767 1080 838 ocio
1098 763 1168 843 mol,

129 859 188 933 καὶ
203 856 262 932 τοὶς
277 854 376 930 ὁδούς
389 878 451 922 coo
463 856 663 925 caretum.
704 852 837 924 Nomcn'
849 859 970 945 τροχιᾰ
988 864 1120 947 proprie
1137 863 1168 925 si·

128 956 259 1044 gnificat
271 968 365 1022 rotoc
378 966 554 1040 vestigium,
576 960 636 1024 dos
653 960 769 1039 Gletes,
791 962 843 1025 dic
860 961 1071 1047 Wogenspar
1082 982 1112 1027 v.
1122 960 1168 1026 Ni·

129 1059 219 1135 cand.
242 1056 392 1122 Theriac.
416 1063 489 1123 876.
524 1057 726 1141 Hesychius:
747 1059 889 1144 τροχιοὶ,
910 1061 951 1124 at
973 1063 1043 1125 τῶν
1065 1066 1168 1146 τροχὸι

122 1155 291 1244 χαράξεις·
321 1155 438 1222 deinde
467 1159 563 1223 ctiam
587 1167 747 1237 semiton,
775 1169 858 1226 ριὀοι
879 1173 917 1223 ut
941 1160 974 1225 h.
998 1159 1025 1226 l.
1056 1161 1168 1225 snitu:

128 1281 274 1343 τροχιας,
288 1259 435 1343 πορείας,
458 1258 600 1342 τρίβους
642 1258 842 1341 Hesychius:
857 1259 1018 1347 Ιτ’ροχιοὶς,
1041 1257 1167 1345 πορείας

128 1358 240 1423 Verba
253 1358 349 1423 huius
369 1379 401 1422 v.
424 1357 618 1442 exphcando
638 1372 712 1424 sunt
733 1360 846 1425 hunc
824 1383 871 1431 Ιιιι
897 1363 1051 1427 modum.
1072 1365 1168 1441 vitato,

125 1471 290 1524 removete
303 1460 337 1522 in
355 1461 410 1522 via
432 1478 495 1544 quo
514 1459 674 1540 inceditis,
697 1483 809 1526 omnes
829 1459 991 1545 salebras,
1018 1461 1165 1526 obstaculo

127 1561 245 1640 omnia,
263 1580 303 1622 ne
319 1557 432 1642 pedem
448 1560 630 1639 offendatis,
652 1582 717 1627 non
731 1566 802 1626 sine
824 1562 974 1624 cantione
995 1575 1041 1626 et
1054 1565 1163 1639 circua-

127 1661 291 1744 spectione
304 1659 452 1739 incedite,
473 1680 587 1744 nepes
604 1661 738 1733 claudus
752 1661 849 1746 plane
863 1659 1014 1743 laxetur,
1037 1664 1092 1727 scd
1106 1684 1164 1727 cor-

126 1759 315 1824 valescath.
328 1782 358 1824 e.
372 1762 512 1844 imagine
529 1762 665 1826 omissa=
687 1782 747 1825 vos
764 1763 864 1848 quiin
884 1760 951 1825 fide
975 1767 1103 1844 notatis,
1119 1784 1160 1826 re

126 1872 253 1924 movete
267 1863 375 1925 omnia
397 1863 573 1925 constantis
596 1859 674 1924 fidoi
695 1862 936 1946 impedimenta,
957 1861 1153 1948 deponitcss·

126 1962 293 2026 xationum
314 1973 345 2024 et
356 1962 618 2047 persecutionum
636 1974 767 2042 metum,
787 1982 931 2025 amorem
950 1983 1063 2027 rernm
1079 1975 1149 2026 terrc-

125 2082 248 2142 narum,
271 2082 376 2150 noque
394 2082 488 2125 aures
504 2060 657 2147 praebete
669 2059 955 2126 sollicitationibus
968 2063 1012 2125 ad
1027 2063 1145 2154 delectu

63 2209 65 2213 ψ
125 2162 316 2248 areligione
339 2161 523 2241 christiana,
545 2183 587 2224 ne
608 2160 797 2225 vacillantes
816 2163 922 2246 magis
946 2158 1141 2226 conturhcniu'

125 2274 157 2327 ct
172 2262 339 2334 deficiatis.
360 2261 526 2347 ἐντρέπειν
539 2271 646 2353 notatt
665 2263 839 2342 declinere,
860 2264 1050 2346 deflectere,
1069 2265 1149 2339 detu-¹

123 2384 238 2450 querc,
260 2366 390 2429 locare.
432 2360 484 2425 Ad
499 2361 610 2445 χωλόν
630 2361 776 2426 nonnulli
797 2362 950 2448 supplent
971 2363 1067 2448 μέλος
1082 2356 1136 2424 nl·

122 2464 237 2528 Botioo
250 2464 289 2526 de
303 2463 419 2550 Ellips.
431 2486 462 2549 p.
478 2469 551 2528 271.
578 2460 751 2538 Solocfcr.
763 2464 865 2546 χωλοὶ
889 2465 1040 2527 dicuntur
1059 2458 1134 2530 clud

120 2563 253 2649 pedibus
276 2571 411 2649 captiv.
424 2561 540 2629 Motth.
559 2569 609 2642 11,
627 2569 658 2628 5.
688 2560 739 2644 15,
754 2569 805 2627 30.
835 2563 909 2628 Act.
921 2571 952 2645 8,
970 2568 1002 2627 7.
1024 2574 1054 2626 et
1065 2554 1133 2646 poio't

123 2665 267 2747 corporis
282 2662 460 2728 membrum
475 2675 617 2742 vocatur,
640 2685 711 2726 cum
725 2664 814 2725 nervi
828 2667 977 2748 vigorem
994 2683 1076 2726 suum
1088 2675 1131 2741 pen

123 2765 286 2836 diderunt3
304 2763 415 2847 χωλόν
436 2763 522 2849 qnod
542 2763 688 2828 claudum
713 2776 762 2832 est
783 2761 815 2825 h.
835 2761 858 2824 l.
879 2773 914 2824 ut
927 2764 1045 2825 vicinia
1055 2756 1130 2825 verbo
1148 2830 1150 2837 .

123 2886 194 2929 rum
218 2864 321 2943 docet,
342 2863 458 2948 pedem
484 2861 632 2926 claudum
652 2864 779 2927 indicat.
822 2861 892 2925 Alii
907 2861 1020 2946 χωλὸν
1038 2859 1130 2946 positu

123 2986 195 3029 esse
211 2976 323 3050 putant
335 2986 395 3048 pro
404 2961 507 3048 χωλοὶ
522 2962 633 3047 (vulg.
647 2965 757 3029 vertit:
778 2974 815 3027 ot
828 2984 891 3026 ooo
912 2956 1130 3045 claodicootpu't

122 3065 226 3149 erret)
244 3077 275 3129 et
290 3062 447 3127 verhaita
469 3064 735 3145 interpretantur.
757 3063 922 3131 rectario
947 3062 1135 3137 incediteut·

122 3188 184 3252 que
199 3165 238 3229 de
255 3186 294 3228 ea
309 3164 484 3243 deflectito,
507 3174 689 3225 constantes
707 3174 822 3242 estote,
844 3182 907 3224 nec
921 3160 1079 3246 potiamini
1094 3168 1128 3215 ut

122 3266 164 3329 ad
184 3266 279 3329 devia
294 3264 421 3342 abduci,
444 3285 484 3326 nc
505 3261 582 3325 alii
573 3285 606 3326 m
620 3263 778 3348 religione
795 3275 946 3325 nutantes
971 3262 1011 3333 ab
1035 3257 1095 3324 ead
1082 3249 1128 3317 deb

121 3369 218 3430 ciant.
260 3365 324 3428 Sed
339 3385 378 3426 ea
395 3347 592 3426 verborum
583 3367 806 3448 mterpretatio
820 3386 919 3451 quam
938 3385 1048 3448 supra
1054 3374 1129 3446 propt·

121 3467 254 3546 suimus,
273 3465 428 3532 orationis
445 3464 543 3529 seriei
566 3467 807 3533 convenientior
829 3463 926 3533 nohis
951 3462 1129 3534 essentem

121 3566 161 3628 cf.
177 3567 274 3628 etiam
287 3587 318 3631 v.
337 3569 387 3628 15.

206 3672 255 3730 14.
278 3661 411 3748 εἰρήνην
425 3659 556 3729 διώκετε
572 3664 659 3747 μετὰ
673 3665 819 3745 πάντων,
840 3665 901 3734 καὶ
915 3663 978 3730 cdo
993 3649 1131 3749 oyocobl

121 3770 258 3838 studiosi
282 3775 386 3834 estote
404 3772 501 3849 ροοιί
523 3787 592 3831 ocor
612 3766 749 3831 omnibus
767 3777 801 3830 ct
819 3773 1063 3837 sanctimoniae.
1076 3761 1132 3826 litu

123 3874 242 3947 12,18.
267 3865 307 3930 st
320 3864 408 3940 fieri
425 3873 544 3949 potest,
569 3874 717 3950 ριιοιιιιιιιι
738 3872 772 3930 to
789 3863 876 3929 vobis
898 3875 962 3945 ost,
980 3872 1134 3951 ροιοιιιίι

120 3967 257 4034 omnibns
273 3975 435 4032 exercete.
480 3964 571 4040 Quae
584 3964 617 4027 h.
630 3965 653 4030 l.
671 3967 813 4051 sequitur
827 3964 1011 4030 cohortatio
1025 3964 1134 4029 cohaeret

120 4090 190 4130 cum
219 4068 368 4150 proxime
397 4085 591 4148 praegressa
622 4063 841 4128 cohortatione
880 4066 924 4129 ad
951 4064 1136 4130 constantim.

120 4165 256 4231 Multum
270 4166 355 4236 enim
379 4163 564 4234 conferebat
587 4165 628 4227 ad
646 4167 925 4248 perseverantiam
950 4171 987 4231 in
1007 4158 1136 4250 religionis
