2632 4740
76 319 81 328 '
119 337 195 409 ιιι
359 272 371 287 ’
426 326 694 405 οιιιιιίιι.·
720 349 760 407 v.
787 335 822 405 o.
848 334 883 403 r.

119 480 182 561 irus
200 490 242 558 N.
256 490 297 556 T.
311 489 413 555 verbu
426 506 459 557 et
472 492 631 560 vocabulo
645 494 760 561 eodem
774 492 849 560 loco
863 514 964 560 sensu
982 480 1156 578 diveisopo·
1193 522 1196 529 ·

120 607 242 658 nuntur
256 592 322 656 vid.
335 593 378 657 ad
391 614 423 657 v.
435 603 468 659 4.
485 607 517 660 et
532 595 602 660 Ioh.
617 602 648 677 3,
664 602 714 661 17.
729 597 876 686 notata)
872 594 993 659 nonde
1010 591 1158 658 sacrificio·

119 717 191 759 rum
207 692 398 772 oblatione,
392 697 463 759 sed
484 695 524 759 de
548 696 755 760 sacerdotum
775 695 965 758 ministeriis
984 696 1018 758 in
1040 696 1161 758 senema-

119 798 181 858 rio.
223 793 323 858 Mane
348 795 498 860 nimirum
524 807 558 861 et
583 798 715 882 vesperi
744 795 792 859 ibi
813 792 933 857 odores
960 792 1161 875 incendebant,

121 877 350 979 condelabrum
365 895 565 962 curabantv.
578 897 643 961 Ex.
659 903 711 978 30,
726 901 757 961 7.
773 902 805 960 8.
827 891 967 979 singulis
986 892 1163 966 sabbatum

120 994 236 1064 mensa
248 1016 342 1059 sacra
356 1017 459 1078 penes
474 997 692 1082 apponebant.
723 995 916 1082 Significatu
929 994 1035 1060 voluit
1050 997 1164 1082 scriptor

120 1092 230 1158 verbis
254 1093 352 1158 buius
372 1117 406 1161 v.
421 1108 454 1159 et
475 1118 507 1161 υ.
523 1103 554 1162 7.
576 1092 796 1160 difficultatem
819 1094 927 1162 Deum
946 1093 1098 1174 alumni,
1111 1094 1166 1157 etin

122 1215 187 1281 quo
207 1193 394 1258 sacerdotes
407 1199 550 1283 gregarii
562 1211 658 1284 etque
676 1196 829 1263 sacerdos
846 1194 1167 1273 summusdifferront,

119 1293 246 1356 ratione
267 1295 437 1360 ministerii
450 1300 484 1360 in
499 1296 720 1378 tabernaculo,
741 1310 779 1360 ut
792 1296 968 1376 Christmn‚
991 1305 1025 1358 et
1040 1295 1168 1360 sacerdo·

121 1393 208 1457 tibus
221 1390 298 1473 illis,
316 1407 348 1457 et
361 1417 485 1461 summo
498 1397 645 1484 pontifici
658 1397 906 1487 praeferendum
918 1418 994 1462 esse
1009 1396 1169 1482 appareret

210 1499 242 1559 7
265 1517 316 1569 εις
340 1496 377 1559 dl
401 1495 465 1580 τήν
485 1497 645 1584 δευτέραν
671 1493 766 1575 ἅπαξ
792 1497 854 1562 τοῦ
875 1481 1031 1563 ἐνιαυτοῦ
1051 1492 1169 1582 plant

123 1593 337 1685 dpgcspgde]
321 1618 356 1660 ιιι
363 1599 507 1663 alterum
522 1610 630 1664 aretem
644 1598 850 1664 tabernaculi
858 1605 988 1682 portem
1009 1600 1095 1663 solur
1106 1617 1171 1684 poa·

121 1699 215 1777 tifex
234 1690 402 1763 hosimus
428 1720 491 1763 υνο
518 1707 599 1764 unns·
622 1705 673 1763 dte
693 1701 886 1782 ingreditur
927 1695 1115 1761 Pontificem
1132 1695 1171 1757 dio

13 1847 16 1857 .
72 1840 75 1847 ,
123 1799 321 1883 expiationis
343 1796 481 1879 solenni,
503 1819 567 1862 non
592 1799 695 1865 semel
714 1810 836 1863 tantum
856 1799 891 1860 in
910 1797 1074 1879 adytum
1063 1815 1171 1883 ungros·

122 1922 195 1964 sum
210 1920 294 1987 esse,
317 1898 411 1960 docet
423 1896 516 1963 locus
530 1896 637 1985 Levit.
652 1902 706 1981 16,
723 1905 844 1966 12-15.
867 1910 901 1964 ct
915 1896 1110 1962 Iudaeorum
1126 1897 1171 1960 do-

123 2012 230 2064 ctores
246 1997 444 2063 confirmant.
486 1996 600 2086 Itaque
616 1997 669 2073 τὸ,
683 1993 778 2079 ἅπαξ
790 1995 851 2065 τοῦ
865 1997 1020 2064 ἐνιαυτοῦ
1032 1997 1173 2084 explicari

121 2101 235 2165 debet:
262 2093 325 2165 ανο
343 2108 467 2163 tuntum
490 2095 691 2185 expiationis
710 2100 775 2165 diss
803 2098 858 2162 Ex
882 2097 991 2163 Levit.
1012 2101 1099 2163 enim
1118 2097 1138 2163 l.
1153 2094 1175 2191 1.,
1208 2112 1210 2157 !

123 2212 276 2285 apparet,
306 2197 493 2284 pontificem
523 2197 639 2262 saltem
659 2197 710 2261 bis
732 2200 872 2263 intrasse
897 2197 1005 2263 locum
1025 2199 1172 2264 sanctissi-

121 2323 220 2365 mum.
262 2299 405 2364 Primum
416 2290 452 2361 ut
467 2298 616 2364 sacrificii
630 2318 689 2383 pro
705 2300 929 2383 suispeocatis
942 2297 1046 2364 oblati
1061 2301 1171 2386 sangui·
1208 2344 1210 2351 ·

122 2413 165 2465 ne
193 2399 379 2485 operculum
399 2420 494 2463 arcae
523 2419 636 2463 sacrae
665 2411 896 2484 conspergeret
924 2412 1021 2487 atque
1052 2399 1172 2464 suffitur
1208 2480 1210 2485 Ι

65 2494 67 2498 ’
122 2502 245 2565 faceret
257 2500 364 2564 Levit.
381 2505 432 2580 16,
449 2506 570 2564 12-14.
591 2496 721 2579 lterum,
741 2510 777 2560 ut
792 2501 949 2584 sanguine
963 2500 1114 2566 sacrificii
1125 2521 1172 2587 pro

16 2663 21 2671 ,
122 2600 246 2688 populo
272 2598 372 2664 oblati
391 2599 478 2663 idem
506 2597 694 2684 operculum
716 2598 926 2684 adspergeret
940 2623 973 2665 v.
990 2607 1109 2669 15-17.
1124 2595 1172 2665 'Bu

122 2714 246 2765 tautum
278 2699 336 2763 illo
372 2697 425 2760 dic
454 2699 640 2782 pontificem
670 2701 809 2762 intrasse
837 2699 987 2783 adytum,
1019 2703 1173 2769 Ernesttsr

74 2886 75 2890 Ἰ
123 2803 209 2887 apud
225 2788 446 2878 Diadumene,
461 2799 633 2864 lllicloelr's
647 2799 689 2862 ad
705 2801 823 2905 Ptolo,
843 2798 1026 2882 Cremerae
1031 2805 1172 2869 ffMoldcu

75 2892 93 2940 ss
123 2903 263 2967 lacerus
288 2912 450 2980 statuunt,
471 2901 659 2985 inquorum
681 2844 873 2964 considam
894 2901 1064 2967 discedere
1084 2901 1173 2968 nullus

125 2994 246 3066 dubito
288 2998 450 3075 Doctores
474 3021 553 3063 vero
574 3000 714 3064 Iudaici
730 3020 853 3064 summo
876 3022 1041 3066 consensu
1065 3005 1174 3068 trudunt

125 3116 239 3189 quater
251 3099 435 3187 pontificem
448 3098 505 3163 illo
518 3099 594 3163 die'
584 3121 768 3185 rngressum
783 3120 856 3163 esse
870 3100 1011 3184 adytum.
1039 3102 1173 3181 Primus,

124 3215 161 3266 ut
182 3200 379 3267 thuribulum
402 3200 537 3264 inferret
562 3212 595 3264 et
616 3200 734 3263 odores
754 3201 950 3264 incenderet.
992 3203 1132 3285 Iterum,
1148 3213 1174 3264 ut

126 3304 316 3388 sanguinem
328 3303 456 3366 iuvenci
468 3304 552 3365 intro
566 3300 678 3381 ferret,
704 3312 736 3364 et
752 3300 852 3385 digito
871 3322 987 3366 versus
1003 3303 1173 3388 operculum

125 3425 221 3467 arcae
235 3412 416 3494 spargeret.
462 3402 614 3482 Tertium,
631 3414 667 3465 ut
681 3405 812 3466 mactati
827 3402 909 3466 hirci
921 3407 1080 3490 sanguine
1097 3425 1173 3491 oper·

67 3522 71 3527 ·
127 3503 235 3568 culum
258 3513 499 3588 conspergeret.
545 3503 717 3584 Quaestum,
747 3515 783 3565 ut
803 3500 1001 3566 thuribulum
1025 3525 1071 3568 ex
1097 3505 1173 3587 adyto

41 3603 46 3612 ⁴
126 3605 269 3670 auferret
292 3601 357 3666 vid.
378 3601 481 3688 Degl
466 3609 570 3684 angius
593 3599 691 3666 Obss.
715 3602 820 3666 Sacrr.
841 3605 877 3667 P
897 3609 927 3666 2.
954 3626 986 3688 p
1011 3612 1070 3669 141
1071 3627 1132 3693 sq.
1150 3610 1173 3664 et

7 3678 25 3728 ss
130 3706 310 3773 Schmidtus
333 3701 431 3767 obss.
454 3723 553 3787 super
577 3723 625 3787 ep.
644 3703 685 3765 ad
699 3702 802 3767 Hebr.
817 3703 858 3766 ed
874 3703 905 3766 b.
918 3700 942 3766 l.
958 3726 1016 3789 qm
1006 3682 1173 3770 ”Rabbino

126 3817 323 3892 rumpentes
340 3815 528 3888 sequuntur,
549 3816 585 3867 ut
600 3803 805 3892 Curpcoor'un
820 3805 1091 3886 Roseumttllerun
1106 3805 1174 3872 Du·

47 3908 49 3914 ’
87 3978 102 3995 ‚y
128 3904 254 3982 dorfius
276 3903 320 3968 al.
362 3902 449 3967 Huic
475 3925 554 3967 vero
584 3907 763 3968 sententiae
790 3902 929 3967 obstare:
947 3905 1077 3970 videtur
1099 3906 1174 3972 locus

126 4003 273 4070 Philonis
295 4005 379 4090 Leg.
399 4003 441 4069 ad
460 4003 574 4069 Guium
593 4026 627 4089 p.
645 4011 738 4070 1035.
758 4005 809 4069 ed.
825 4003 988 4083 Itluucof·
1002 4028 1035 4092 p·
1054 4002 1176 4076 eund·

129 4103 244 4188 Moug.
259 4102 372 4169 Verba
391 4115 478 4169 sunt:
494 4103 616 4186 ἄδυτα,
625 4105 672 4180 εἰς
685 4100 709 4169 dl
722 4099 814 4182 ι’έτιαξ
823 4103 884 4170 τοῦ
896 4105 1050 4174 ἐνιαυτοῦ
1061 4107 1081 4175 ὁ
1087 4108 1177 4195 μέγας

31 4285 36 4298 l
129 4201 298 4290 ἀρχιερεύς
320 4198 509 4293 ιὶσέρχεται
525 4207 570 4297 τῇ
585 4201 722 4286 νηστεία
744 4205 904 4294 λεγομένῃ
921 4206 964 4260 ὲ·-
980 4203 1048 4299 udo
1059 4201 1178 4285 odrici
