2604 4746
360 305 520 397 curun
546 308 594 395 X.
627 332 665 386 v.
693 316 728 385 5.
754 313 789 384 6.
818 311 852 384 7.
1059 313 1139 384 341

95 476 221 556 rideret,
250 494 322 540 curm
340 474 560 542 demonstrare
579 474 696 556 vellet,
723 472 893 539 Christum
916 492 1052 557 corpore
1077 495 1138 550 suc

97 576 272 652 mmolando
289 574 363 640 coll.
379 597 409 638 v.
427 582 475 643 10.
496 587 700 661 peccatorum
715 577 844 663 veniam
858 571 1043 637 hominibus
1060 594 1139 636 con·

95 675 222 740 :iliasse
265 676 298 760 3)
317 675 437 741 Contra
455 698 533 740 vero
548 676 615 756 alii,
638 675 752 762 quibus
769 676 996 754 assentior,·in
1010 677 1138 738 versio·

95 799 122 840 re
134 776 360 841 Alexandrina
378 776 572 841 vocabulum
594 780 689 862 σῶμα
710 799 820 840 seram
841 785 874 838 et
897 777 1070 858 genuinam
1090 775 1140 840 le·

95 878 218 940 :tionem
232 899 318 957 esse,
338 875 418 940 ὠτία
432 889 540 939 autem
558 875 721 962 glossema
736 879 842 963 putari
859 874 978 938 debere
994 887 1141 938 censent..

95 976 215 1041 Scilicet
237 977 482 1040 Alexandrinus
499 979 670 1061 interpres,
698 990 735 1040 ut
755 981 893 1041 scienter
917 974 1141 1038 animadvertit
1198 964 1200 971 ’

95 1079 337 1143 Βουουυαῖἱῐοναο
362 1079 395 1139 in
417 1075 558 1140 Scholiis
575 1079 616 1141 ad
640 1078 694 1141 Ps.
708 1077 730 1141 l.
745 1077 768 1142 l.
783 1075 918 1140 verbum
933 1085 998 1160 πῃ
1015 1078 1139 1160 accepit

95 1181 305 1264 comparandi,
328 1180 557 1264 praeparandi
574 1177 827 1263 significatione,
857 1197 920 1263 qua
932 1172 1040 1254 Dent.
1061 1182 1092 1256 2,
1107 1182 1139 1239 6.

95 1279 220 1364 illegg.
243 1284 280 1360 6,
294 1285 345 1343 23.
373 1278 457 1342 Hos.
473 1284 504 1359 3,
519 1286 549 1342 2.
578 1282 754 1364 reperitur3
779 1283 873 1369 ῥῆξις
892 1287 1010 1355 autem,
1034 1296 1141 1353 aures,

95 1401 142 1464 per
163 1378 402 1463 synecdochen,
435 1369 494 1464 pro
524 1390 591 1443 toto
620 1400 755 1464 corpore
781 1380 905 1465 positas
929 1379 1142 1447 existimavit.

95 1479 196 1566 Lectio
213 1480 309 1563 σῶμα
324 1493 373 1545 est
388 1478 557 1557 difficilior,
579 1491 612 1542 et
632 1502 745 1564 parum
767 1470 935 1564 probabile
961 1489 1020 1557 est,
1041 1488 1077 1539 ut
1089 1499 1141 1540 re-

99 1591 139 1651 cte
149 1591 336 1656 monuerunt
359 1580 492 1660 Wolfiue
513 1582 547 1642 in
564 1577 661 1643 Curis
676 1580 764 1644 adh.
779 1579 802 1642 l.
821 1603 854 1664 p.
869 1585 942 1644 719.
966 1579 1141 1644 Eckerma-
1185 1573 1189 1579 ’

100 1699 147 1745 ουν
161 1681 255 1746 theol.
269 1680 432 1764 Beytrtige
443 1679 482 1744 Β.
497 1687 527 1743 2.
544 1703 576 1764 p.
593 1685 664 1747 157.
684 1691 716 1743 et
729 1678 878 1765 Βιλλαίου
899 1679 941 1742 ad
959 1678 991 1742 h.
1013 1677 1037 1742 l.
1060 1670 1160 1742 scri-¹

101 1791 208 1862 ptorem
220 1792 363 1843 nostrum
379 1778 499 1843 Psalmi
513 1779 586 1843 loco
600 1801 733 1847 usurum
745 1779 859 1861 fuisse,
874 1791 911 1842 ut
925 1775 1140 1863 confirmaret,
1154 1866 1157 1872 Δ
1285 1846 1287 1851 .

104 1883 172 1964 quod
185 1882 434 1947 demonstratum
445 1867 527 1961 ibat,
550 1882 580 1944 si
592 1881 686 1968 σῶμα
704 1882 740 1944 in
754 1881 846 1955 codd.
861 1902 948 1945 vers.
961 1877 1061 1944 Alex.
1075 1902 1147 1945 non

105 1984 273 2065 reperisset.
734 2042 737 2051 .

171 2088 201 2148 6.
217 2088 249 2149 7.
269 2082 333 2146 Pro
349 2077 1144 2160 ὄλοναυτώτατα-εὐδόκησαςίιιυοοεὶοηοΑΙο-

104 2185 246 2247 xandrina
268 2181 388 2266 legitur
414 2181 643 2267 ὁλοκαύτωμα,
656 2219 699 2232 -
720 2179 854 2273 ᾔτησας.
877 2181 1038 2247 Victimae
1059 2205 1143 2268 quae

104 2292 174 2348 totae
194 2281 479 2364 comburebantur,
498 2281 757 2368 ὁλοκαυτώματα
776 2281 963 2346 dicebantur
980 2303 1013 2346 v.
1033 2283 1146 2348 Ialmc'c'

103 2379 159 2450 bill.
172 2385 405 2466 Archaeologc'e
424 2385 478 2449 Tt.
495 2392 526 2450 3.
539 2406 572 2469 p.
590 2389 662 2450 386.
684 2383 775 2447 Philo
796 2382 870 2448 libr.
893 2383 933 2446 de
952 2385 1144 2470 uictimisp.
1240 2392 1246 2410 '

105 2489 161 2551 838.
178 2485 216 2550 C.
236 2484 274 2549 sd
290 2481 502 2565 ὁλόκαυοτου,
522 2479 573 2550 ὅτι
595 2482 732 2568 σύμπαν
755 2482 794 2549 τό
819 2484 936 2569 ἱερεἴου
959 2492 1039 2572 πυρὶ
1060 2483 1147 2550 Θεοῦ

104 2585 151 2657 τοῦ
169 2582 533 2673 βωμοῦνοαραδίδοται.
574 2582 770 2667 Hesychius:
801 2580 1044 2670 ὁλοκαύτωμα,
1067 2580 1147 2651 ὅλου

102 2687 168 2773 πυρὶ
180 2682 487 2769 ναθαγιαζόμενον.
500 2685 715 2750 Alexandrini
722 2684 833 2749 Iudaei
845 2683 907 2748 hoc
914 2685 1073 2750 vocabulo
1086 2707 1148 2749 ex·

103 2800 278 2869 presserunt
289 2785 454 2851 Hebraico
469 2789 598 2857 nomina
609 2777 686 2873 3422}
703 2785 758 2850 Ps.
773 2791 825 2866 51,
839 2793 890 2850 21.
914 2797 990 2874 mults
1012 2785 1076 2849 Ex.
1093 2792 1146 2866 30,

104 2892 146 2952 20.
162 2901 195 2952 et
213 2881 278 2976 Πξυ
298 2887 363 2950 Ex.
382 2893 431 2966 10,
446 2892 497 2951 25.
520 2895 572 2967 24,
595 2892 629 2952 5.·
668 2885 816 2950 Verbum
841 2887 1036 2953 ὁλοκαυτεῖν
1055 2897 1148 2950 extat

104 3007 145 3072 ap.
157 2988 245 3052 Xen.
260 2986 364 3051 Anab.
377 2988 408 3067 7,
422 2994 452 3050 8.
466 2996 499 3050 4.
521 2985 651 3071 Ioseph.
664 2985 787 3069 Anca,
804 2993 834 3059 9.
853 2996 881 3053 1.
901 3001 935 3052 et
947 2987 1148 3053 dicaearcus

104 3108 145 3172 ap.
156 3089 244 3153 Xen.
261 3088 340 3170 Cyr.
354 3094 384 3168 8,
398 3094 428 3152 3.
445 3094 495 3150 24.
518 3086 647 3172 Ioseph.
661 3087 737 3154 Ant.
753 3096 782 3169 1,
800 3090 850 3152 13.
859 3095 912 3154 40.
935 3086 1047 3152 crebro
1060 3100 1148 3152 utra·
1215 3088 1224 3100 '

107 3210 156 3273 que
168 3190 274 3254 forma
290 3189 434 3269 confusa,
456 3199 492 3250 ut
512 3187 698 3252 observavit
721 3175 896 3253 Labeonem
917 3188 958 3252 ad
977 3187 1148 3270 Phrynich.

105 3296 204 3370 P·524.
227 3289 306 3375 περὶ
321 3285 490 3373 ἁμαρτίας
506 3287 564 3352 scl.
579 3285 710 3363 θυσίας
727 3309 754 3352 s.
767 3288 964 3377 προσφοράς
973 3287 1046 3352 coll.
1055 3295 1148 3353 v.18.
1267 3305 1273 3315 ’

106 3383 183 3453 Rom.
189 3394 221 3470 8,
226 3398 258 3453 4.
266 3389 523 3474 ubinKoppc'm.
529 3394 561 3453 7.
570 3387 648 3454 τότε
661 3379 757 3455 εἶπον
768 3393 840 3455 ideo
853 3392 934 3471 dico,
943 3392 1083 3455 declaro.
1095 3387 1149 3453 De

107 3488 328 3572 significatione
341 3489 518 3574 particulae
532 3485 608 3554 τότε
619 3492 812 3574 interpretas
826 3492 909 3554 inter
923 3511 959 3554 se
981 3491 1150 3556 dissident.

107 3584 136 3652 ln
147 3601 240 3659 textu
252 3588 416 3653 Hebraico
432 3589 551 3677 legitur
565 3603 603 3658 ns
619 3601 703 3657 tunc.
746 3591 917 3657 metuero
937 3590 978 3654 ad
991 3592 1151 3655 Petreium

108 3689 338 3772 animadvertit,
368 3688 444 3756 τότε
465 3712 530 3754 non
549 3691 715 3755 commode
741 3676 833 3756 reddi
856 3713 954 3776 posse
974 3701 1050 3756 tanc
1070 3693 1152 3780 daci,

107 3811 169 3858 cum
181 3808 248 3856 non
267 3804 430 3877 appareat,
453 3791 613 3877 quoduam
635 3794 789 3878 temporis
809 3803 1003 3856 momentum
1027 3789 1152 3875 signifi·
1265 3862 1269 3871 ¹

104 3903 193 3965 cetur.
236 3889 348 3979 Itaque
363 3893 552 3979 particulam
566 3891 644 3958 τότε
659 3893 855 3959 reddendam
870 3914 943 3958 asse
957 3882 1047 3976 putat
1067 3892 1151 3971 olim,

102 3995 222 4075 dodana
236 4004 278 4085 yet
290 3993 375 4058 bunc
391 3993 500 4059 verbis
516 3993 680 4058 substituit
694 4015 837 4060 sensum:
858 4016 930 4058 cum
944 4014 985 4056 ne
999 3990 1058 4055 illo
1080 3981 1160 4078 qui·¹

102 4090 265 4180 daru'ipso
289 4107 451 4180 tempore,
474 4117 536 4181 quo
558 4093 718 4161 sacrificia
735 4116 794 4181 por
814 4089 931 4161 Mosen
959 4093 1151 4175 institueret,
1174 4140 1177 4149 .

99 4200 180 4265 satis
203 4218 245 4277 ea
264 4195 418 4285 probaret
440 4194 549 4279 Deus,
577 4203 641 4264 tom
663 4199 736 4265 olm
756 4197 904 4283 promisit
925 4193 1087 4284 Messias,
1116 4214 1153 4259 so
1227 4269 1230 4281 ,
