2604 4746
324 263 812 423 oppurtunum(
950 376 953 381 ·
1015 298 1108 407 nra
1194 402 1196 407 ,

95 490 152 556 deo
167 480 354 553 incisinota
368 499 444 575 post
465 483 616 556 διάνοιαν
637 480 749 554 ον’τάν
768 477 912 579 tollatur,
933 504 968 565 ot
986 490 1089 560 verba

95 604 153 655 ent:
177 591 263 654 datis
284 585 415 675 legibus
437 591 530 668 meis,
552 608 618 652 non
638 588 744 655 solum
764 595 865 655 menti
884 614 1007 676 eorum,
1028 596 1088 659 sed

95 692 250 756 menimis
266 711 378 753 eorum
392 687 467 779 illas
481 689 667 759 inscribam.
712 690 775 755 Cui
796 704 903 756 tamen
926 696 1086 779 interpre-

95 795 136 856 mi
160 801 272 854 textus
293 789 478 878 Hebraicns
494 791 557 854 ler.
570 789 594 855 l.
608 789 643 871 1.,
660 793 770 855 versio
787 792 1030 874 Alexandrina,
1054 808 1087 860 et

96 916 111 956 s
132 892 242 956 Hebr.
261 897 312 973 10,
336 897 387 956 16.
411 890 634 954 adversantur.
676 887 808 957 Rectius
829 891 886 957 alii
905 892 946 955 ad
970 894 1085 973 διδούς

95 1007 123 1056 te
147 992 363 1056 adiiciendum
387 1013 461 1055 esse
486 1002 667 1054 statuerunt
689 991 759 1078 εἰμὶ
782 993 838 1058 vel
863 988 985 1076 ἔσομαι
1008 997 1032 1058 i.
1053 1017 1082 1057 e.

95 1093 220 1159 ndubo.
261 1091 438 1176 Participia
462 1095 547 1156 enim
568 1093 665 1157 etiam
684 1093 930 1179 ascriptoribus
947 1093 1083 1157 Graecis

95 1193 210 1257 »liciter
224 1206 397 1276 ponuntur,
421 1194 542 1256 omisso
563 1191 664 1254 verbo
687 1193 899 1274 substantivo,
920 1215 980 1279 pro
1001 1207 1083 1258 tem—

95 1295 152 1357 bus
179 1293 281 1363 finitis
296 1293 337 1357 cf.
354 1292 529 1361 Faciem.
545 1293 586 1356 ad
609 1295 739 1358 Weller.
754 1292 831 1357 Vol.
847 1299 877 1357 3.
900 1291 937 1358 P.
952 1303 982 1358 2.
998 1316 1031 1381 p.
1049 1302 1079 1359 8.

95 1418 177 1461 ierus
195 1394 230 1456 in
254 1380 452 1458 Grammatik
472 1406 534 1456 etc.
547 1393 587 1456 B.
606 1398 634 1455 1.
648 1416 681 1477 p.
700 1400 771 1459 140.
794 1406 826 1458 et
848 1416 931 1481 qnae
951 1397 1081 1459 notavi-

103 1498 145 1560 ad
160 1493 301 1585 Aoum,
317 1499 348 1559 5.
392 1491 487 1569 Quod
506 1490 677 1558 formulam
696 1496 802 1579 ipsam
824 1498 949 1576 attinet,
973 1518 1013 1559 ea
1031 1494 1080 1559 le·

95 1620 102 1660 .·
122 1615 252 1683 quoque
275 1617 328 1680 ap.
347 1594 435 1661 Xen.
451 1593 526 1674 Cyr.
544 1600 574 1673 8,
591 1601 622 1658 2.
638 1600 690 1658 20.
713 1593 806 1678 δμδν
823 1595 855 1659 οἱ
871 1595 950 1659 θεοί
967 1593 1082 1670 δόντες

95 1696 149 1771 ιοίς
169 1693 281 1779 ψυχάς
302 1697 375 1769 τοῖς
397 1693 605 1778 ἀνθρώποις.
628 1693 691 1758 lor.
707 1701 759 1779 32,
777 1702 831 1761 40.
854 1696 914 1759 καὶ
937 1693 998 1760 τόν
1015 1695 1081 1781 φό-

95 1817 154 1861 νου
169 1793 262 1861 δώσω
277 1795 367 1884 (lips)
382 1788 431 1870 εἰς
445 1794 508 1872 τήν
531 1791 675 1878 καρδίαν
696 1798 807 1862 αὐτῶν
821 1788 951 1888 ῦᾎζξῌ.
992 1795 1079 1860 Ver-

95 1891 136 1971 εἰς
161 1893 225 1973 τήν
245 1893 399 1961 διάνοιαν
419 1892 526 1960 αὐτῶν
540 1895 756 1960 Alexandrini
767 1895 882 1960 Iudaei
903 1917 1080 1981 expresse·

100 2015 216 2059 vocem
231 2003 344 2088 unffi
359 2003 393 2061 in
406 2001 538 2062 medinm
553 2018 580 2060 s.
594 2004 628 2061 ιἰι
649 2003 775 2074 viscera
795 2017 914 2076 eornm,
935 2008 971 2057 ut
983 1996 1080 2059 lona-

113 2097 290 2187 (ῑῆπνξηζι)
318 2108 351 2159 et
378 2096 480 2178 Syrus
511 2119 583 2160 eam
611 2096 831 2160 reddiderunt.
871 2093 1079 2161 Vocabulum

94 2196 181 2259 idem
194 2197 279 2280 quod
290 2189 337 2284 ξιξ
353 2208 389 2259 ut
403 2197 467 2263 Ier.
479 2207 511 2279 4,
527 2206 577 2262 14.
600 2197 696 2262 Prov.
710 2201 762 2276 26,
777 2203 828 2261 24.
842 2196 911 2261 καὶ
927 2196 982 2260 ἐπὶ
998 2220 1078 2284 καρ-

110 2295 218 2361 αάτῶν
237 2295 410 2386 ἐπιγράψω
429 2294 563 2381 αὐτούς]
587 2306 620 2361 et
639 2303 673 2361 ιἰι
693 2303 814 2361 animos
834 2316 941 2360 eornm
956 2319 1012 2363 ear
1026 2305 1077 2364 ιά-

98 2394 159 2461 um.
203 2394 400 2483 Interpretes
414 2396 525 2482 plures
539 2401 580 2475 ¹in
600 2420 640 2462 ea
661 2399 787 2461 versati
807 2407 880 2460 sunt
905 2389 1075 2480 sententia,

95 2497 227 2560 ederent
241 2496 401 2561 vocabula
417 2496 548 2564 διάνοια
565 2512 598 2564 et
612 2495 739 2582 καρδία
752 2499 785 2562 h.
796 2495 820 2561 l.
837 2517 903 2560 non
924 2519 998 2561 esse
1016 2522 1076 2584 po-

95 2610 126 2660 te
140 2598 245 2682 paria,
263 2598 321 2661 sed
331 2601 421 2683 prius
437 2620 565 2682 nomen,
586 2612 622 2661 ut
638 2598 711 2661 aliis
729 2601 764 2663 in
778 2598 873 2680 locis,
890 2599 1075 2683 significare

95 2719 142 2763 ονι
155 2716 188 2759 v.
201 2696 285 2781 Eph.
301 2707 332 2778 4,
351 2705 401 2764 18.
423 2697 558 2764 Herodi.
573 2707 604 2781 2,
617 2707 649 2767 9.
666 2705 717 2765 15.
737 2701 945 2778 intellectum,
965 2711 1075 2783 poste-

109 2793 247 2881 καρδία,
269 2805 415 2876 αοίιαιιια,
436 2805 646 2885 uoluntatem,
669 2801 787 2887 quippe
806 2793 893 2884 quod
912 2819 983 2860 cnm
997 2791 1076 2862 reli·
1098 2853 1100 2856 .

95 2900 117 2961 is
132 2899 317 2982 cognitione
331 2899 535 2965 coniunctum
551 2921 625 2965 esse
647 2898 793 2981 deberet,
813 2897 903 2963 illius
923 2897 1074 2979 studium,

95 3000 217 3070 citium}
240 3011 335 3087 atque
358 2999 441 3064 adeo
465 3000 567 3065 verba
590 3001 644 3066 ἐπὶ
666 2997 810 3087 καρδίας
826 2993 1000 3084 ἐπιγράψω
1014 3021 1076 3062 ex-

95 3100 162 3163 nda
175 3112 370 3164 censuerunt
393 3100 433 3163 de
446 3098 521 3164 Deo
544 3099 792 3165 christianorum
813 3095 1012 3162 voluntatem
1026 3099 1075 3184 (hi

117 3222 163 3265 ex
184 3203 288 3286 nostri
309 3201 468 3290 sententia
483 3211 556 3264 sunt
577 3202 612 3282 ii,
635 3221 706 3263 cnm
720 3195 837 3284 quibus
850 3197 944 3265 Dens
958 3199 1074 3266 foedus

97 3302 109 3387 )
135 3299 179 3365 ad
199 3289 416 3366 obedientiam
439 3300 594 3387 religioni
619 3297 848 3386 praestandam
877 3300 1073 3364 excitatum.

98 3396 231 3489 p'ossnm
243 3423 284 3466 eo
301 3401 415 3465 adduci
427 3412 462 3462 nt
473 3401 643 3464 assentiar.
685 3400 829 3465 Primum
843 3399 929 3462 enim
945 3398 1073 3485 καρδία

95 3507 138 3568 ins
155 3506 253 3567 etiam
265 3512 399 3567 mentem
414 3499 587 3586 significat,
608 3512 644 3562 ut
658 3495 750 3564 Rom.
762 3506 791 3580 1,
805 3501 858 3563 21.
880 3497 964 3583 Eph.
981 3504 1072 3578 1,18.

95 3627 119 3668 n
136 3604 228 3667 codd.
243 3601 408 3668 nonnullis
431 3600 664 3689 eglossemate
684 3597 804 3686 legitur
825 3600 883 3677 τῆς
905 3595 1074 3680 διανοίας,

99 3707 253 3769 versione
266 3702 493 3767 Alexandrina
505 3697 640 3768 διάνοια
658 3700 833 3786 respondet
845 3695 951 3764 Hebr.
968 3700 1074 3763 nomi-

95 3825 99 3892 !
118 3805 201 3870 Gen.
217 3808 269 3886 17,
286 3800 397 3868 ινα.
419 3800 548 3865 Deinde
567 3805 705 3885 scriptor
720 3802 792 3886 ipse
814 3799 877 3863 boc
899 3797 1074 3863 discrimen

95 3900 596 3990 ›bservouitl'ocoparallelctQ
613 3904 664 3965 16.
685 3899 733 3966 ibi
748 3901 834 3964 enim
852 3898 905 3963 ἐπὶ
928 3898 1073 3980 καρδίας

96 3996 307 4093 epraeeodit,
330 3998 542 4093 sequitur‘e'nl
557 4001 709 4068 διανοιῶν
723 3999 843 4083 αὐτῶν,
865 3998 924 4065 sed
936 3997 1072 4083 religio·
1154 4056 1157 4062 .

95 4104 232 4194 cognitio
258 4106 456 4195 praecedere
488 4102 584 4169 debet
603 4102 695 4169 illins
717 4103 869 4170 studium.
919 4098 1071 4186 Denique

95 4230 138 4276 ne
163 4208 305 4278 formula
332 4206 446 4286 διδούς
466 4203 591 4302 νόμους
618 4201 667 4287 είς
690 4205 753 4288 τάν
780 4204 938 4274 διάνοιαν
959 4209 996 4285 ¹et
1017 4199 1072 4266 inl
