2604 4746
453 264 611 344 Carnu*
637 267 705 343 IV.
739 287 778 344 v.
803 272 862 343 12.
1123 279 1193 349 131

113 452 233 502 tamen
255 431 452 524 significatio
465 432 598 520 probari
611 435 734 521 nequit.
761 433 849 522 ψοχὴ
860 434 1082 524 asinariae]
1099 435 1194 507 seete

110 542 185 606 aad
204 539 315 605 Gen.
340 535 551 622 ,Interpretes
564 533 651 619 haud
663 536 760 619 pauci
772 547 923 619 statuunt,
944 537 1103 622 epistolae
1116 561 1193 606 con·

113 639 281 720 ditarem,
302 647 338 700 ut
351 634 487 702 Paulum
505 642 522 701 1
536 632 657 701 Thess.
672 640 704 718 5,
717 641 770 700 23.
794 648 939 703 secutum
954 660 1028 703 esse
1045 638 1193 726 philoso-

112 737 263 827 phorum
278 734 681 818 nonnullorum'reterum,
704 748 737 800 et
748 740 976 822 magistrorum
988 738 1194 809 Iudaicorum
1213 815 1218 821 ,

116 841 338 918 sententiam,
368 839 423 925 qui
438 836 579 903 hominis
598 838 740 901 animum
759 840 794 901 in
814 837 894 903 (luas
913 851 1024 924 partes
1045 841 1193 907 dividen-
1251 882 1255 889 ·

117 939 198 1005 dun
215 939 384 1003 docerent.
428 936 471 1001 Et
484 937 614 1001 fuerunt
628 941 714 1005 inter
730 936 889 1003 ecclesiae
904 942 1025 1003 veteris
1042 941 1192 1007 doctores

115 1060 152 1103 r.
171 1030 288 1105 Kasos
306 1037 474 1124 Opuscula
493 1039 689 1104 Academica
708 1061 742 1125 p.
758 1043 822 1105 619
845 1060 917 1125 sqq.
939 1052 971 1103 et
991 1044 1192 1108 recentiores

118 1135 230 1206 N.·''1'.‘
240 1142 436 1224 interpretes
454 1161 486 1204 v.
509 1137 651 1216 Wobiue
667 1143 701 1204 in
719 1139 817 1203 Curis
832 1137 874 1202 ad
889 1146 904 1202 1
922 1136 1040 1202 Thess.
1056 1139 1079 1204 l.
1094 1140 1119 1205 l.
1135 1145 1193 1229 qui
1209 1143 1213 1153 '

118 1243 320 1326 tripartitam
338 1237 479 1304 hominis
498 1238 710 1321 substantiam
728 1250 922 1319 statuerent,
947 1251 981 1302 et
998 1238 1050 1303 his
1065 1240 1193 1308 duabus

122 1338 278 1422 vocilius,
305 1337 393 1431 ψυχή
407 1350 439 1402 et
454 1341 605 1425 πνεῦμα,
627 1363 647 1404 a
658 1352 787 1421 nostro,
809 1350 904 1425 atque
917 1338 1021 1404 Paulo
1037 1348 1053 1405 1
1070 1341 1145 1406 Cor.
1160 1350 1192 1425 2,

103 1449 175 1506 ·14.
198 1451 215 1509 1
238 1438 441 1506 Thess..l.,l.
462 1444 626 1525 usurpatis
644 1442 725 1509 (luas
744 1438 949 1519 essentiales
965 1462 1045 1527 quas
1061 1455 1191 1528 vocant,

122 1543 267 1606 hominis
282 1551 392 1626 partes
410 1539 548 1604 indicari
567 1542 807 1606 contenderent.
856 1540 989 1605 Scilicet
1001 1539 1095 1606 Plato
1111 1544 1193 1607 duas

125 1646 158 1706 in
171 1643 305 1707 homine
321 1643 495 1727 agnovisse
509 1640 697 1725 perhibetur
712 1645 852 1723 animas,
872 1642 984 1727 ψιΡὴν
996 1652 1027 1703 et
1040 1643 1139 1725 νοῦν,
1160 1657 1194 1708 et

130 1765 172 1807 ex
187 1743 359 1807 Platonica
377 1740 566 1827 plerumque
585 1740 795 1827 philosophia
816 1742 966 1807 doctores
990 1741 1040 1806 illi
1062 1757 1193 1808 veteres

130 1845 321 1907 sententiam
337 1865 430 1908 suarn
442 1844 619 1926 arripuisse
632 1840 798 1922 dicuntur,
827 1862 1019 1929 quamquam
1035 1845 1194 1917 incertum

131 1958 188 2026 est,
209 1941 428 2025 utrum'l‘lato
445 1942 525 2006 duas
541 1941 687 2006 diversas
699 1941 907 2019 substantiae,
927 1954 984 2004 aut
996 1945 1091 2008 unius
1107 1950 1194 2012 eius-

131 2046 265 2133 demque
282 2040 484 2126 suhstantiae
495 2044 603 2107 varias
623 2054 744 2105 tantum
758 2042 847 2105 v'ires
862 2053 894 2103 et
910 2041 1079 2108 facultates
1091 2050 1193 2133 signf-

112 2147 224 2213 .ficare
240 2144 384 2210 voluerit
396 2166 428 2209 v.
451 2144 646 2210 Tennemam'
662 2143 788 2228 system
802 2145 833 2209 d.
848 2144 978 2207 Platon.
992 2143 1112 2210 Philas.
1128 2147 1193 2215 Th.

113 2296 116 2301 -
132 2256 160 2313 2
171 2271 203 2333 p.
219 2253 274 2311 48.
299 2256 332 2309 et
346 2267 427 2333 quos
439 2244 584 2310 laudavit
598 2245 728 2310 Kailios
743 2241 765 2307 l.
781 2265 809 2306 e.
823 2264 856 2327 p.
870 2247 945 2308 643.
980 2244 1086 2309 Etiam
1099 2248 1194 2313 Philo

134 2349 209 2411 luas
231 2357 356 2409 tantum
376 2345 515 2410 hominis
544 2355 654 2429 partes
676 2343 824 2408 'defendit
852 2364 969 2428 corpus
990 2357 1023 2408 et
1043 2349 1194 2431 annnam,

114 2441 225 2532 ὀὧμοι
243 2447 304 2512 καὶ
320 2444 433 2534 ψυχὴν
443 2443 527 2530 Leg.
538 2441 647 2530 Alleg.
661 2453 692 2509 2.
707 2466 740 2529 p.
753 2448 795 2509 90
811 2441 849 2506 C.
867 2445 925 2507 sed
937 2443 1020 2508 hanc
1037 2450 1072 2510 in
1085 2453 1196 2514 varias

133 2552 244 2614 iterum
257 2559 370 2634 partes
385 2547 515 2629 dividit,
547 2558 579 2610 et
591 2564 671 2609 mox
689 2545 769 2608 duas
783 2559 1026 2625 commemorat,
1055 2552 1196 2616 animam

134 2654 253 2721 ratione
268 2649 454 2713 destitutam
467 2643 576 2734 epipha
590 2646 757 2732 perquam
771 2643 923 2729 intelligit
935 2646 1116 2731 facultates,
1138 2672 1198 2714 cu·

133 2753 301 2838 piditates,
328 2768 408 2835 quas
421 2747 568 2837 homines
589 2768 662 2810 cum
681 2745 783 2809 brutis
799 2744 920 2809 habent
934 2769 1134 2832 communes,
1162 2762 1198 2814 ct

134 2857 271 2917 animam
289 2845 482 2913 rationalem
502 2864 597 2934 quarn
617 2847 749 2930 πνεῦμα
770 2857 803 2920 et
821 2849 902 2912 νοῦν
923 2848 1000 2912 dicit
1013 2848 1089 2914 Lib.
1110 2852 1198 2937 quod

136 2953 195 3018 let.
211 2963 279 3038 pot.
300 2947 400 3010 insid.
419 2970 452 3033 Ρ.
467 2952 538 3012 170.
555 2946 595 3012 Β.
610 2946 649 3009 de
664 2948 759 3031 migr.
778 2945 901 3010 Abrah.
920 2971 952 3034 Ρ.
966 2956 1039 3015 398.
1055 2949 1097 3013 Α.
1116 2972 1198 3016 mox

135 3066 216 3134 tres,
246 3068 330 3116 mox
344 3047 457 3133 plnres
475 3051 571 3114 etiarn
585 3044 677 3112 illius
692 3057 802 3131 partes
820 3068 848 3111 s.
871 3048 1041 3113 facultates
1058 3063 1198 3132 enarrat,

137 3155 173 3219 de
192 3153 275 3239 ling.
298 3150 422 3213 confus.
445 3171 479 3236 p.
497 3152 570 3214 323.
596 3148 636 3212 de
651 3145 748 3232 Opis.
770 3169 804 3233 p.
821 3153 874 3212 27.
895 3170 927 3213 v.
947 3151 1132 3216 Loesneras
1155 3152 1200 3216 ad

137 3254 291 3320 1¹l'hess.
314 3258 346 3332 5,
369 3257 421 3318 23.
466 3247 565 3316 Stati
582 3247 703 3315 Philo’s
723 3248 942 3332 Lelrbegrrff
954 3254 989 3315 in
1009 3252 1205 3321 Eu'cllrornii

137 3357 269 3440 Allgem.
287 3352 371 3418 Bibl.
388 3354 419 3417 d.
433 3348 669 3437 br'hlelre'teret.
681 3346 720 3412 B.
732 3357 766 3412 4.
786 3369 819 3431 Ρ.
835 3354 899 3414 860
914 3371 948 3415 s..
970 3351 1061 3417 Keil.
1075 3376 1113 3438 Ρ.
1123 3359 1199 3419 645.
1270 3384 1276 3399 ·

96 3514 99 3519 .
138 3455 297 3541 losephus
313 3453 353 3518 de
366 3452 506 3516 hominis
523 3452 686 3514 creatione
699 3448 777 3512 Ant.
794 3454 824 3529 1,
840 3454 869 3513 1.
883 3455 914 3514 2.
928 3448 1077 3540 loquens,
1094 3450 1201 3519 ἕπλα-
1217 3492 1221 3499 ·

139 3579 189 3622 οεν
206 3551 325 3630 ὁΘεὸς
332 3600 345 3634 ,
364 3554 486 3640 inquit,
509 3548 570 3617 τὸν
579 3545 782 3633 ἄνθρωπον,
800 3626 804 3631 ,
807 3547 891 3633 χοῦν
906 3549 974 3617 α’πὸ
991 3559 1053 3634 τῆς
1067 3556 1126 3637 γῆς
1139 3557 1202 3618 λο-

141 3656 224 3741 βῶν,
254 3654 314 3722 καὶ
335 3655 466 3738 πνεῦμα
489 3650 603 3730 ἐνῆκεν
628 3649 736 3737 αὐτῷ,
772 3649 833 3713 καὶ
849 3650 960 3736 stupeo
978 3654 1087 3733 fiuxit
1107 3653 1201 3720 Deae

142 3758 305 3836 maeno,
327 3762 461 3837 accepto
472 3773 494 3829 e
505 3763 602 3818 terra
615 3754 699 3832 limo,
720 3757 908 3837 immimque
924 3761 958 3819 tn
968 3774 1037 3818 erim
1054 3759 1201 3838 spiritum

143 3871 173 3925 et
185 3866 340 3933 animam
366 3853 425 3917 ubi
438 3851 598 3921 Krebsiue
612 3850 653 3914 ad
671 3857 686 3915 1
702 3847 822 3915 Thess.
840 3850 864 3915 1.
880 3851 903 3917 l.
923 3875 983 3938 per
1002 3853 1135 3936 πνεῦμα
1156 3858 1202 3918 si-

145 3958 286 4044 gnificari
298 3957 426 4036 statuit,
447 3957 589 4019 animum
606 3950 829 4036 intelligendi,
855 3953 1088 4037 cognoscendi,
1112 3957 1202 4041 cogi-

146 4060 290 4147 tandique
310 4053 461 4120 facultate
477 4055 674 4140 praeditum,
701 4075 762 4138 per
772 4051 885 4139 ψυχήν
896 4053 971 4118 illas
985 4056 1085 4120 animi
1097 4055 1203 4120 facul-

150 4171 240 4244 tates,
274 4158 427 4241 affcctus,
464 4156 737 4246 cupiditatesque,
767 4176 839 4225 oum
861 4150 967 4221 brutis
987 4156 1205 4226 animantibus

403 4284 406 4289 ²
894 4257 911 4321 l
932 4266 953 4324 2
