2604 4746
336 283 495 360 Carus
520 286 643 361 vm.
678 308 715 361 v.
743 295 777 360 7.
804 294 837 364 8.
915 274 918 280 ’
1044 296 1120 369 269

97 451 215 518 ludaeost
237 464 310 517 cum
332 452 428 516 ninnis
450 449 591 516 difficilis
604 453 683 517 ‘eius
703 464 790 517 esset
815 450 1018 536 observatio,
1045 477 1121 541 pro·

95 556 233 618 missiones
249 573 328 616 vero
342 562 375 616 et
385 554 649 617 comminationes
664 555 821 620 nonsatis
836 569 984 638 magnae.
1001 551 1062 620 οὐκ
1077 551 1121 621 ἂν

95 655 211 741 iurique
228 653 375 732 ἐζητεῖτο
391 649 508 737 τόπος]
517 659 706 738 posteriori
716 675 780 718 κοκ
793 662 1006 740 quaereretur
1021 658 1119 734 Iocus,

95 755 115 815 nti
130 754 290 837 quaeritur
311 753 347 816 in
363 751 421 817 illo
436 749 481 814 V·
495 749 538 816 Τ.
554 750 627 816 Ιοοο
646 754 701 840 qni
726 753 836 817 statim
848 773 881 818 v.
895 759 925 818 8.
940 752 1120 820 subiicitur.

95 856 171 930 ζητεῖν
192 850 297 919 τόκον
318 853 440 929 Reum,
461 854 559 919 Platu
583 857 759 935 cerlaager
777 853 846 930 fiir
874 860 967 919 einen
993 860 1119 923 anderu

95 953 171 1035 lurd‚·
190 950 256 1016 non
281 973 366 1016 nova
386 949 504 1037 religio
529 955 785 1041 annuntiaretur,
805 955 854 1017 uti
869 951 936 1016 Ier.
949 958 1001 1034 31,
1016 960 1054 1019 31
1069 978 1118 1043 sq.

95 1056 277 1117 nnuntiatur.
317 1052 450 1117 Similes
464 1051 621 1139 {cunulae
635 1052 713 1137 Sap.
729 1060 781 1134 12,
797 1058 848 1118 10.
869 1048 999 1129 ἐδίδους
1015 1054 1118 1128 τόκον

95 1149 244 1229 ιτονοίας.
267 1153 329 1217 Sir.
347 1159 397 1234 13,
411 1159 463 1217 22.
484 1154 541 1218 οὐκ
553 1150 663 1230 ἐδόθη
679 1154 769 1243 αὐτῷ
780 1151 884 1229 τόκος
896 1173 962 1217 uon
982 1154 1120 1238 audimur,

95 1248 317 1319 oa'admittitur
333 1255 404 1316 eius
417 1255 587 1318 sententia.
608 1253 778 1335 Hebr.12,
794 1258 845 1318 17.
865 1255 1051 1337 μετανοίας
1065 1253 1121 1322 τό·

95 1376 127 1420 ον
141 1351 200 1441 οὐχ
217 1344 291 1441 εὗρε
312 1353 370 1418 ubi
387 1375 419 1417 v.
435 1364 501 1416 not.
544 1350 653 1439 Vulgo
675 1354 757 1419 hanc
776 1353 949 1421 formulam
970 1355 1119 1437 ἐζητεῖτο
1156 1424 1159 1429 ,

95 1452 157 1533 ὄντος
168 1467 313 1522 vertunt:
334 1458 422 1522 Ιοαιο
438 1461 598 1541 quaesitus
613 1465 715 1532 essen
734 1457 853 1520 rectius
866 1458 1120 1539 Parauaea,
1179 1528 1182 1533 ,
1250 1480 1254 1487 ·

95 1558 213 1638 trelius,
234 1557 422 1640 Bergelius:
445 1559 676 1642 quaeroretor5
696 1576 729 1621 v.
757 1555 884 1622 Wineri
902 1557 1041 1625 Gramen.
1061 1563 1118 1626 dee

95 1659 161 1725 ll'.
179 1646 418 1745 Spraclsc'diomr
434 1655 473 1720 Β.
491 1663 519 1720 1.
532 1678 566 1742 ps
584 1664 655 1723 128.
719 1724 722 1729 ,
959 1742 963 1749 ³

142 1765 172 1823 8.
194 1757 384 1822 Memoriter
397 1755 540 1820 laudavit
555 1780 605 1842 ep.
627 1769 738 1824 auctor
762 1758 950 1822 eversione
971 1756 1119 1824 Alexan·

95 1861 151 1922 rina
163 1857 270 1923 locum
281 1857 343 1920 Ier.
358 1861 409 1937 31,
423 1862 459 1920 31
474 1877 544 1943 sqq.
560 1870 596 1920 ut
618 1864 667 1938 10,
685 1863 724 1923 15
739 1879 810 1945 sqq.
831 1857 1012 1943 Prophetae
1026 1860 1118 1926 locus

95 1964 129 2046 git
141 1961 182 2035 de
195 1959 388 2024 liberatione
405 1957 518 2042 populi
533 1957 654 2022 Iudaici
668 1979 686 2022 e
710 1959 893 2042 captivitate
909 1957 1118 2041 Babylonica,

95 2061 209 2126 eillius
231 2064 267 2124 in
289 2058 384 2124 sedes
408 2061 512 2122 avitas
530 2059 652 2140 reditu,
682 2069 716 2122 et
745 2057 785 2120 de
807 2057 974 2145 beneficiis
1002 2059 1119 2146 quibus

95 2168 152 2226 iens
166 2173 335 2226 ornaturus
352 2170 438 2223 esset
449 2157 603 2243 populum
619 2160 689 2222 sive
707 2179 842 2245 quocum
864 2180 983 2222 novum
1001 2159 1118 2237 foedus

95 2267 141 2328 tire
153 2263 265 2327 vellet.
301 2261 401 2325 'Hunc
415 2259 572 2323 Ieremiae
591 2257 700 2322 locum
721 2259 860 2345 scriptor
880 2261 915 2321 in
937 2280 1007 2325 rem
1026 2281 1118 2328 suam

95 2364 232 2444 sustulit,
251 2366 309 2443 ita,
330 2376 366 2424 ut
381 2382 426 2425 ex
438 2382 478 2424 eo
498 2359 652 2445 probaret
668 2355 727 2425 οὐκ
749 2356 925 2444 ἄμεμπτον
937 2359 1040 2425 fuisse
1055 2359 1118 2441 τήν

95 2459 193 2550 μύκην
216 2459 407 2542 διαθήκην,
442 2458 635 2544 religionem
656 2457 851 2542 Mosaicam,
882 2480 919 2526 ac
945 2474 1119 2547 propterea

95 2568 166 2630 teum
181 2567 214 2628 ei
228 2560 372 2627 sufficere
386 2560 530 2631 voluisse
545 2559 735 2646 religionem
748 2562 1025 2647 praestantiorem,
1036 2586 1119 2649 quae

95 2665 248 2732 melioribus
261 2665 427 2750 promissis
440 2664 606 2744 niteretur,
619 2663 680 2728 hoc
695 2674 744 2726 est
760 2661 976 2744 christianam,
995 2663 1070 2730 coll.
1084 2687 1117 2728 v.

95 2775 115 2833 1.
134 2771 225 2833 cuins
245 2787 276 2829 v.
295 2763 404 2827 verbis
425 2766 475 2828 vis
494 2763 651 2849 probandi
669 2757 814 2829 innititur
836 2763 902 2828 vid.
924 2776 991 2828 not.
1008 2765 1049 2828 ad
1066 2773 1117 2847 10,
1193 2851 1195 2855 y

95 2875 127 2950 1.,
149 2881 181 2933 et
195 2866 291 2930 simul
305 2866 493 2930 christianos
509 2867 667 2930 excitaret
679 2864 719 2928 ad
731 2864 829 2928 fidem
841 2863 1118 2952 obedientiamque

95 2975 134 3034 leo
148 2983 181 3034 et
194 2967 324 3033 Christo
337 2968 572 3053 praestandam.
614 2966 719 3031 Etiam
733 2966 925 3030 Iudaeorum
944 2953 1117 3050 magistros

95 3070 286 3135 soleremiae
302 3067 466 3133 oraculum
483 3068 525 3132 ad
539 3065 685 3130 'Messiae
711 3078 856 3150 tempora
875 3063 1036 3148 retulisse,
1058 3069 1118 3131 do·
1188 3092 1190 3099 ·

95 3184 190 3235 rerunt
207 3169 429 3252 Sclsi‘ttgem'ar
443 3169 485 3231 et'
498 3168 694 3233 Wetotem'ut
712 3167 797 3230 adh.
811 3164 835 3228 l.
856 3161 969 3237 Verbo
986 3167 1119 3257 μεμφό-

96 3294 157 3348 ινος
178 3292 258 3334 usus
281 3281 332 3332 est
360 3266 515 3353 epistolae
547 3268 691 3331 conditor
720 3268 898 3350 respiciens
926 3266 1118 3336 vocabulum

95 3366 528 3456 pspnrogquodpraecessit.
544 3367 748 3434 Dissentiunt
762 3379 868 3431 autem
880 3368 1118 3454 interpretesiu
1212 3373 1215 3376 ’
1263 3406 1267 3419 ·

95 3494 115 3552 o,
132 3484 238 3536 utrum
259 3466 472 3557 μεμφόμενος
496 3469 749 3557 coniungendam
766 3470 808 3533 sit
832 3464 904 3532 cum
925 3465 1053 3553 αὐτοῖς,
1074 3496 1117 3538 an

95 3572 263 3637 olerendum
277 3573 318 3632 rit
330 3570 370 3633 ad
383 3569 559 3665 διαθήκην
570 3569 642 3636 ml.
659 3569 804 3635 Priorem
819 3571 1010 3645 sententiam
1025 3552 1118 3639 tuen-

95 3696 112 3737 n
132 3650 472 3756 chrysosiomus·(023x
484 3658 579 3759 ἤια,
599 3668 823 3760 μιμςοόμενοςΙ
839 3670 875 3735 δὲ
894 3669 992 3760 αὐτῇ,
1013 3669 1118 3750 atta,

95 3773 273 3864 oppiparae
293 3774 329 3865 δὲ
351 3771 470 3848 αὐτοῖς
489 3764 616 3858 λ’ἔγει),
644 3772 861 3837 Oecumenius
889 3768 1117 3862 (μεμφόμενος

95 3870 263 3959 ὶραιῖτοῖς·
286 3867 369 3954 τίσι,
390 3875 462 3949 τοῖς
474 3874 510 3942 ἒν
528 3875 571 3966 τῇ»
583 3872 1032 3965 καλαιᾷνομοθετουμὲνοις
1056 3875 1127 3938 καὶ·

95 3970 331 4071 ιοθννομὲιοις
343 3971 544 4062 lovinium),
566 3973 843 4061 Theophylactuss
864 3971 925 4039 οὐκ
943 3961 1015 4040 εἷπε
1029 3998 1116 4062 μεμ-

95 4071 324 4165 sperateres,
348 4071 457 4162 οῖλλοὶ,
485 4073 700 4165 μεμφόμενος
722 4075 847 4156 αὐτοῖς,
868 4071 1019 4142 τουτὲοτι
1043 4077 1116 4153 τοῖς
1148 4092 1149 4096 ’

95 4169 235 4258 οδαίοις,
244 4175 314 4254 τοῖς
326 4173 375 4265 μή
389 4176 581 4274 δυναμένοις
592 4180 814 4268 tricipitinus
825 4175 881 4264 διοὶ
894 4177 958 4247 τῶν
969 4176 1113 4267 νομικῶν
