2604 4746
467 108 797 220 curuavit.
822 114 859 192 ο.
1122 78 1196 193 iss

83 293 127 372 ,p
175 275 293 341 tnteun
307 244 459 361 proxime
478 277 677 362 antegressis
697 240 857 361 particula
873 297 910 342 τι
931 279 1053 344 metius
1072 299 1193 345 eonne-

86 417 104 478 Ρ
172 393 208 454 n,
221 371 476 462 puumpartieula
492 374 638 452 scabilla
653 376 764 461 priora
777 375 879 440 verba
888 375 1063 444 illustrant.
1106 379 1192 446 Cae-

96 519 111 579 ,
168 485 238 540 unm
256 478 553 563 interpretationem
578 476 751 557 verborum
770 496 803 570 u.
826 481 857 543 5.
877 499 898 541 a
917 478 1012 544 nobis
1031 479 1191 566 prolatam

166 575 315 643 confirmant
332 581 430 643 etiam
443 600 482 643 ea
497 600 581 665 quae
594 599 625 641 v.
639 581 672 641 6.
689 575 852 662 leguntur.

83 700 126 775 ιφ,
213 683 240 740 6.
259 676 372 744 Prinie
385 701 423 744 ae
434 680 567 765 propria
580 677 674 744 verbi
687 675 917 761 παραπίπτειν
930 683 1020 745 notio
1034 679 1115 746 haee
1126 663 1189 760 e'st,

83 816 103 855 ,0
115 846 121 858 ,Ἴ
159 776 312 844 uindicet:
332 788 435 848 ἀκαισ
456 785 591 868 ob'putm
608 802 636 845 s.
657 780 782 865 aloem
800 780 1070 862 cudere31einde
1093 802 1189 846 usur·

96 962 102 977 ἱ
117 898 119 906 ·
155 888 221 959 petur
235 879 275 943 de
288 880 477 946 hominibus
495 883 551 968 qui
563 880 731 960 aberrant,
753 881 928 964 destertuot
943 885 984 952 dt
1003 888 1057 950 σία
1069 879 1186 964 Polyb.

89 1004 111 1013 ·’
154 981 223 1056 tut.
239 985 269 1046 5.
291 980 369 1046 hine
379 1003 441 1069 per
453 982 677 1068 metaphoram
690 991 781 1043 notat
795 1001 925 1063 errare,
940 1003 1084 1068 peccare
1095 979 1186 1048 Xen.
1202 1046 1206 1054 ,

150 1072 238 1145 tur.
259 1087 289 1161 1,
304 1086 337 1146 6.
348 1090 381 1149 4.
409 1073 464 1148 ίίτι
485 1076 751 1166 Λακεδαιμόνιοι
774 1080 921 1166 μέγιστα
943 1077 1188 1171 παραπίπτοιεν

148 1177 224 1270 λιτῷ
243 1180 459 1249 διαλλάττειν
476 1180 555 1260 τούς
576 1179 768 1268 ναυάρχοις.
787 1180 861 1245 edd.
883 1182 1007 1267 Septi,
1023 1190 1055 1250 0.
1085 1189 1136 1262 12,
1151 1170 1184 1247 l.

146 1277 338 1349 Alexandrini
353 1283 467 1349 Iudaei
478 1283 614 1350 verbum
628 1281 732 1347 Hebr.
746 1274 813 1370 Εἲς
829 1283 915 1370 quod
934 1284 975 1347 de
989 1286 1032 1348 iis
1052 1285 1185 1371 ponitur

146 1383 181 1466 pi
191 1382 296 1449 oDeo
305 1383 464 1462 delimitat
476 1384 597 1450 Eueoh.
607 1392 658 1464 14,
668 1391 718 1450 13.
734 1388 824 1462 15,8.
838 1396 1072 1469 expresserunt
1081 1381 1184 1448 verbo

143 1475 1184 1565 mariammsedvooabulumbtm2Chrou.33,19.reddiderunt

83 1623 88 1660 :
142 1575 609 1668 tmazaoastuchronuato.
617 1580 994 1669 ἀπσστασία.·,Η.1.ι1οἰίο
1004 1584 1183 1651 adhibitum

142 1691 220 1761 extat,
237 1683 294 1767 qui
305 1705 327 1747 a
338 1684 498 1771 religione
516 1686 691 1758 christiana
700 1679 864 1766 deficiunt,
886 1698 983 1772 atque
994 1685 1081 1751 idom
1093 1684 1183 1749 valet
1233 1693 1236 1699 ’

140 1782 205 1866 quod
218 1781 293 1847 loeo
313 1785 472 1870 parallelo
484 1794 543 1868 10,
556 1790 609 1850 26.
623 1781 845 1871 ἁμαρτάνειν,
866 1797 899 1851 et
909 1783 1097 1867 ἀποστῆναι
1113 1784 1183 1852 abab

139 1881 205 1955 θεοῦ
214 1880 339 1963 ζῶντος
346 1893 378 1968 3,
388 1894 440 1952 12.
452 1885 556 1955 πάλιν
567 1880 854 1965 ἀνακαινίζεινείς
863 1884 1064 1976 μετάνοιαν]
1076 1899 1112 1952 ut
1126 1907 1193 1953 eoe-

139 1987 288 2071 ul'pue's'ad
298 1989 749 2072 asturemsrogenrevocet.
767 1985 1180 2052 Particulanoiltnh.l.re-
1243 2066 1248 2077 ι

138 2081 1181 2178 tundat.ScriptoresGraeciquoquehancpartieulamverbiseum

137 2188 361 2273 praepositione
378 2185 443 2254 ἀνά
460 2191 640 2257 coniunctis
656 2189 843 2275 frequentor
862 2191 910 2254 ita
934 2190 1122 2274 adiungunt,
1143 2199 1180 2250 nt

135 2289 274 2353 redundet
294 2309 327 2354 v.
341 2300 407 2350 not.
421 2290 464 2353 ad
474 2290 549 2355 Act.
565 2297 615 2371 18,
630 2297 683 2354 21.
702 2284 932 2369 ἀνακαινίζειν
946 2288 1107 2375 signifieat
1124 2311 1179 2354 re-

134 2411 247 2471 notare,
269 2397 468 2475 ιἰιτλσιιισια,
490 2403 523 2455 et
535 2391 666 2478 ponitur
686 2388 727 2452 de
741 2389 877 2454 aedibus
896 2414 979 2479 quae
995 2395 1178 2457 instauran-

134 2504 169 2559 tur
180 2496 234 2579 ap.
252 2489 384 2576 loseph.
396 2489 474 2556 Ant.
487 2499 519 2572 9,
534 2499 564 2557 8.
574 2499 606 2555 2.
626 2488 687 2555 τόν
702 2489 739 2554 δὲ
753 2489 815 2556 τῶν
831 2489 1065 2578 Ἱεροσολύμων
1079 2492 1179 2577 βασι-
1221 2507 1227 2515 ‘

132 2595 178 2660 λεά
187 2592 323 2660 Ἰώασον
336 2589 424 2677 ὁρμή
439 2613 489 2668 τις
503 2588 608 2675 ἔλαβε
616 2591 677 2657 τὸν
692 2589 776 2656 ναόν
791 2588 1079 2660 ἀνακαινίσαιτοῦ
1093 2589 1179 2659 Θεοῦ

130 2695 246 2763 Isaeum
258 2694 672 2779 auteaflterorotymorua
690 2712 799 2774 regem
813 2701 944 2760 suaerat
957 2699 1071 2781 cupido
1096 2705 1176 2761 tem·

124 2800 198 2883 plaut
210 2795 283 2862 Da·
292 2796 504 2860 instaurandi.
546 2791 675 2857 Deinde
688 2793 750 2857 hoo
763 2791 850 2857 idem
865 2793 1001 2860 verbum
1014 2796 1055 2859 de
1075 2795 1176 2859 rebus
1204 2853 1208 2857 .

92 2922 95 2927 ·
126 2897 283 2983 quibusvis
296 2916 379 2981 quae
395 2891 618 2980 adpristinam
631 2892 799 2959 meliorem
810 2895 947 2960 formam
967 2907 1000 2959 et
1017 2895 1175 2960 conditio·
1257 2906 1288 2925 '¹

83 2996 712 3083 ,nemredignnunuicituaeansferan
721 2997 817 3059 etiam
826 2995 867 3058 ad
876 2999 1026 3061 animum.
1036 2997 1091 3061 Ps.
1102 3003 1175 3078 102,
1275 3015 1278 3027 ·

124 3106 147 3166 t.
158 3095 491 3177 ἀνακαινισθήοεται
505 3094 549 3174 ὥς
559 3095 659 3163 ἀετοῦ
672 3096 694 3174 ἡ
707 3094 824 3176 νεότης
838 3118 898 3164 ooo
906 3095 1115 3163 renovatum
1124 3102 1175 3163 tu-
1205 3122 1209 3129 “

83 3270 85 3277 ,
120 3213 224 3268 ortus
242 3209 304 3277 ¹tuo
316 3205 399 3265 eust
414 3193 551 3285 κοιλίαι.
571 3197 627 3261 Ps.
644 3204 715 3278 103,
729 3204 780 3262 31.
804 3192 1009 3274 ἀνακαινιεῑς
1030 3197 1069 3264 to
1091 3198 1175 3284 πρό·

120 3324 226 3369 σοπον
236 3301 299 3380 τῆς
314 3301 376 3381 γῆς
388 3321 500 3366 nouum
514 3299 765 3378 terroefact'est
775 3301 908 3364 induco.
932 3298 1058 3376 Quibus
1076 3301 1111 3363 in
1123 3298 1173 3363 lo-

118 3388 163 3469 'sti
177 3411 273 3468 extat
288 3399 487 3466 Hebraieum
505 3398 640 3466 verbunn
662 3398 744 3485 uiuit.
786 3397 880 3464 Philo
895 3399 979 3487 Lag.
995 3400 1038 3464 ad
1052 3398 1124 3462 Gai.
1137 3422 1172 3483 p.
1242 3419 1247 3424 ·

119 3512 207 3572 1004.
222 3503 266 3570 Α.
293 3499 483 3580 ἀνισότητα
500 3500 565 3578 τήν
584 3497 718 3577 ἀδικίας
738 3499 846 3588 ἀρχὴν
864 3498 1081 3567 ἀνεκαίνισεν
1100 3495 1174 3564 tot-

114 3630 203 3688 τητι,
213 3597 237 3685 ἦ
246 3601 300 3680 τίς
310 3602 382 3669 ἐστι
393 3600 483 3688 πηγή
496 3594 708 3682 δικαιοσύνης
721 3600 982 3690 inaequalitatem
993 3600 1172 3665 iniustitiae

115 3709 284 3794 originem,
303 3703 510 3792 aequalitate,
531 3711 678 3792 iustitiae
690 3703 793 3784 fonte
810 3709 1022 3769 restauravit.
1066 3696 1172 3781 Chry·

111 3821 190 3877 sort·
204 3806 295 3893 θον.
305 3804 348 3871 Τ.
358 3812 389 3870 1.
401 3827 433 3889 p.
445 3809 518 3870 738.
530 3803 595 3884 τήν
608 3803 991 3894 ψαίὴνπαλαιιοθεῖσον
1003 3798 1173 3867 ἀνακαινί·

113 3911 192 3992 ζαν.
222 3904 349 3994 Ἰιισοο
367 3927 484 3972 sensus
501 3906 660 3979 formulae
680 3901 903 3986 ἀνακαινίζειν
924 3897 972 3981 είς
990 3899 1173 3992 μετάνσιιιν

111 4025 173 4080 est:
198 4008 371 4077 emendare
391 4011 448 4091 ita,
470 4021 505 4073 ut
528 4009 568 4075 ad
583 4009 708 4076 Christi
728 4012 822 4095 signa
840 4007 985 4077 redeant.
1025 4002 1079 4075 Ad
1097 4024 1189 4072 vous
