<?xml version="1.0" encoding="UTF-8"?>
<!DOCTYPE html PUBLIC "-//W3C//DTD XHTML 1.0 Transitional//EN"
    "http://www.w3.org/TR/xhtml1/DTD/xhtml1-transitional.dtd">
<html xmlns="http://www.w3.org/1999/xhtml" xml:lang="en" lang="en">
 <head>
  <title>
</title>
<meta http-equiv="Content-Type" content="text/html;charset=utf-8" />
  <meta name='ocr-system' content='tesseract 3.04.00' />
  <meta name='ocr-capabilities' content='ocr_page ocr_carea ocr_par ocr_line ocrx_word'/>
</head>
<body>
  <div class='ocr_page' id='page_1' title='image "./dchristianitheo00kuehgoog_0510.png"; bbox 0 0 2604 4746; ppageno 0'>
   <div class='ocr_carea' id='block_1_1' title="bbox 134 298 926 384">
    <p class='ocr_par' dir='ltr' id='par_1_1' title="bbox 134 298 926 384">
     <span class='ocr_line' id='line_1_1' title="bbox 134 298 926 384; baseline -0.006 -1"><span class='ocrx_word' id='word_1_1' title='bbox 134 315 210 384; x_wconf 76' lang='lat'><strong>480</strong></span> <span class='ocrx_word' id='word_1_2' title='bbox 397 298 563 377; x_wconf 73' lang='lat' dir='ltr'><strong>curun.</strong></span> <span class='ocrx_word' id='word_1_3' title='bbox 582 300 682 377; x_wconf 87' lang='lat' dir='ltr'><strong>XII.</strong></span> <span class='ocrx_word' id='word_1_4' title='bbox 704 324 745 378; x_wconf 82' lang='grc' dir='ltr'><strong>ν.</strong></span> <span class='ocrx_word' id='word_1_5' title='bbox 781 309 926 381; x_wconf 38' lang='grc'><strong>15....16.</strong></span> 
     </span>
    </p>
   </div>
   <div class='ocr_carea' id='block_1_2' title="bbox 39 456 1197 1862">
    <p class='ocr_par' dir='ltr' id='par_1_2' title="bbox 39 456 1161 755">
     <span class='ocr_line' id='line_1_2' title="bbox 39 456 1159 557; baseline -0.002 -20"><span class='ocrx_word' id='word_1_6' title='bbox 39 456 41 461; x_wconf 42' lang='grc'>’</span> <span class='ocrx_word' id='word_1_7' title='bbox 135 471 201 537; x_wconf 79' lang='lat' dir='ltr'><strong>seu</strong></span> <span class='ocrx_word' id='word_1_8' title='bbox 219 466 385 551; x_wconf 82' lang='lat' dir='ltr'><strong>vulgarem</strong></span> <span class='ocrx_word' id='word_1_9' title='bbox 404 465 577 531; x_wconf 86' lang='lat' dir='ltr'><strong>lectionem</strong></span> <span class='ocrx_word' id='word_1_10' title='bbox 589 465 704 557; x_wconf 77' lang='grc' dir='ltr'><strong><em>ἐνοχλῇ</em></strong></span> <span class='ocrx_word' id='word_1_11' title='bbox 718 489 829 534; x_wconf 82' lang='lat' dir='ltr'><strong>omnes</strong></span> <span class='ocrx_word' id='word_1_12' title='bbox 841 468 920 535; x_wconf 83' lang='lat' dir='ltr'><strong>libri</strong></span> <span class='ocrx_word' id='word_1_13' title='bbox 936 465 1059 557; x_wconf 77' lang='lat' dir='ltr'><strong>antiqui</strong></span> <span class='ocrx_word' id='word_1_14' title='bbox 1075 483 1159 536; x_wconf 86' lang='lat' dir='ltr'><strong>nostro</strong></span> 
     </span>
     <span class='ocr_line' id='line_1_3' title="bbox 132 565 1161 652; baseline -0.001 -15"><span class='ocrx_word' id='word_1_15' title='bbox 132 575 207 640; x_wconf 92' lang='lat' dir='ltr'><strong>loco</strong></span> <span class='ocrx_word' id='word_1_16' title='bbox 222 571 362 646; x_wconf 86' lang='lat' dir='ltr'><strong>tuentur,</strong></span> <span class='ocrx_word' id='word_1_17' title='bbox 381 579 413 627; x_wconf 88' lang='lat' dir='ltr'><strong>et</strong></span> <span class='ocrx_word' id='word_1_18' title='bbox 432 565 513 628; x_wconf 83' lang='lat' dir='ltr'><strong>haec</strong></span> <span class='ocrx_word' id='word_1_19' title='bbox 527 565 622 630; x_wconf 82' lang='lat' dir='ltr'><strong>lectio</strong></span> <span class='ocrx_word' id='word_1_20' title='bbox 636 571 670 631; x_wconf 94' lang='lat' dir='ltr'><strong>in</strong></span> <span class='ocrx_word' id='word_1_21' title='bbox 687 569 831 635; x_wconf 79' lang='lat' dir='ltr'><strong>codicem</strong></span> <span class='ocrx_word' id='word_1_22' title='bbox 842 570 1096 652; x_wconf 78' lang='lat' dir='ltr'><strong>Alexandrinum</strong></span> <span class='ocrx_word' id='word_1_23' title='bbox 1106 594 1161 636; x_wconf 82' lang='lat' dir='ltr'><strong>ucr-</strong></span> 
     </span>
     <span class='ocr_line' id='line_1_4' title="bbox 133 654 1161 755; baseline -0.001 -17"><span class='ocrx_word' id='word_1_24' title='bbox 133 654 236 738; x_wconf 82' lang='lat' dir='ltr'><strong>sionis</strong></span> <span class='ocrx_word' id='word_1_25' title='bbox 251 668 395 732; x_wconf 82' lang='lat' dir='ltr'>Graecae</span> <span class='ocrx_word' id='word_1_26' title='bbox 408 669 550 752; x_wconf 81' lang='lat' dir='ltr'><strong>irrepsit.</strong></span> <span class='ocrx_word' id='word_1_27' title='bbox 592 668 761 753; x_wconf 85' lang='lat' dir='ltr'><strong>Epistulae</strong></span> <span class='ocrx_word' id='word_1_28' title='bbox 777 671 924 734; x_wconf 88' lang='lat' dir='ltr'><strong>conditor</strong></span> <span class='ocrx_word' id='word_1_29' title='bbox 938 692 1068 737; x_wconf 86' lang='lat' dir='ltr'><strong>sensum</strong></span> <span class='ocrx_word' id='word_1_30' title='bbox 1078 675 1161 755; x_wconf 88' lang='lat' dir='ltr'><strong>potius</strong></span> 
     </span>
    </p>

    <p class='ocr_par' dir='ltr' id='par_1_3' title="bbox 109 769 1197 1260">
     <span class='ocr_line' id='line_1_5' title="bbox 109 769 1163 858; baseline -0.002 -18"><span class='ocrx_word' id='word_1_31' title='bbox 109 780 113 785; x_wconf 84' lang='lat'>&#39;</span> <span class='ocrx_word' id='word_1_32' title='bbox 132 775 196 839; x_wconf 91' lang='lat' dir='ltr'><strong>loci</strong></span> <span class='ocrx_word' id='word_1_33' title='bbox 219 769 317 834; x_wconf 89' lang='lat' dir='ltr'><strong>Deut.</strong></span> <span class='ocrx_word' id='word_1_34' title='bbox 337 774 388 848; x_wconf 85' lang='lat'><strong>29,</strong></span> <span class='ocrx_word' id='word_1_35' title='bbox 414 773 464 831; x_wconf 98' lang='grc'><strong>18.</strong></span> <span class='ocrx_word' id='word_1_36' title='bbox 487 773 664 853; x_wconf 77' lang='lat' dir='ltr'><strong>expressit,</strong></span> <span class='ocrx_word' id='word_1_37' title='bbox 686 769 899 856; x_wconf 79' lang='lat' dir='ltr'><strong>quem-verba</strong></span> <span class='ocrx_word' id='word_1_38' title='bbox 918 776 1071 837; x_wconf 78' lang='lat' dir='ltr'><strong>servavit.</strong></span> <span class='ocrx_word' id='word_1_39' title='bbox 1088 772 1163 858; x_wconf 87' lang='grc' dir='ltr'><strong><em>μιαί-</em></strong></span> 
     </span>
     <span class='ocr_line' id='line_1_6' title="bbox 130 871 1163 958; baseline -0.006 -17"><span class='ocrx_word' id='word_1_40' title='bbox 130 896 199 942; x_wconf 87' lang='grc' dir='ltr'><strong><em>νειν</em></strong></span> <span class='ocrx_word' id='word_1_41' title='bbox 213 871 357 952; x_wconf 54' lang='grc' dir='ltr'><strong><em>εὐήρεσι,</em></strong></span> <span class='ocrx_word' id='word_1_42' title='bbox 375 876 604 948; x_wconf 75' lang='lat' dir='ltr'><strong>contaminare,</strong></span> <span class='ocrx_word' id='word_1_43' title='bbox 622 890 721 933; x_wconf 86' lang='lat' dir='ltr'><strong>sensu</strong></span> <span class='ocrx_word' id='word_1_44' title='bbox 740 884 912 956; x_wconf 84' lang='lat' dir='ltr'><strong>usurpatur</strong></span> <span class='ocrx_word' id='word_1_45' title='bbox 935 875 1069 956; x_wconf 81' lang='lat' dir='ltr'><strong>physico</strong></span> <span class='ocrx_word' id='word_1_46' title='bbox 1088 888 1163 958; x_wconf 83' lang='lat' dir='ltr'><strong>etque</strong></span> 
     </span>
     <span class='ocr_line' id='line_1_7' title="bbox 131 966 1163 1056; baseline -0.003 -16"><span class='ocrx_word' id='word_1_47' title='bbox 131 970 262 1051; x_wconf 83' lang='lat' dir='ltr'><strong>morali,</strong></span> <span class='ocrx_word' id='word_1_48' title='bbox 288 968 328 1032; x_wconf 88' lang='lat' dir='ltr'><strong>de</strong></span> <span class='ocrx_word' id='word_1_49' title='bbox 350 966 528 1052; x_wconf 81' lang='lat' dir='ltr'><strong>pollutione</strong></span> <span class='ocrx_word' id='word_1_50' title='bbox 549 985 689 1033; x_wconf 81' lang='lat' dir='ltr'><strong>venerea</strong></span> <span class='ocrx_word' id='word_1_51' title='bbox 712 969 831 1055; x_wconf 80' lang='lat' dir='ltr'><strong>legitur</strong></span> <span class='ocrx_word' id='word_1_52' title='bbox 850 994 901 1056; x_wconf 89' lang='lat' dir='ltr'><strong>ep.</strong></span> <span class='ocrx_word' id='word_1_53' title='bbox 922 971 993 1035; x_wconf 88' lang='lat' dir='ltr'><strong>lud.</strong></span> <span class='ocrx_word' id='word_1_54' title='bbox 1017 995 1048 1037; x_wconf 86' lang='lat' dir='ltr'><strong>v.</strong></span> <span class='ocrx_word' id='word_1_55' title='bbox 1072 981 1099 1038; x_wconf 86' lang='lat'><strong>8.</strong></span> <span class='ocrx_word' id='word_1_56' title='bbox 1122 973 1163 1037; x_wconf 86' lang='lat' dir='ltr'><strong>ubi</strong></span> 
     </span>
     <span class='ocr_line' id='line_1_8' title="bbox 131 1054 1163 1161; baseline 0.001 -23"><span class='ocrx_word' id='word_1_57' title='bbox 131 1072 241 1156; x_wconf 81' lang='grc' dir='ltr'><strong><em>σάρκα</em></strong></span> <span class='ocrx_word' id='word_1_58' title='bbox 262 1065 405 1154; x_wconf 88' lang='grc' dir='ltr'><strong><em>μιαίνειν</em></strong></span> <span class='ocrx_word' id='word_1_59' title='bbox 425 1069 570 1134; x_wconf 83' lang='lat' dir='ltr'><strong>dicuntur</strong></span> <span class='ocrx_word' id='word_1_60' title='bbox 593 1069 635 1149; x_wconf 93' lang='lat' dir='ltr'><strong>ii,</strong></span> <span class='ocrx_word' id='word_1_61' title='bbox 665 1071 720 1155; x_wconf 89' lang='lat' dir='ltr'><strong>qui</strong></span> <span class='ocrx_word' id='word_1_62' title='bbox 751 1073 842 1135; x_wconf 78' lang='lat' dir='ltr'><strong>veria</strong></span> <span class='ocrx_word' id='word_1_63' title='bbox 857 1071 1040 1138; x_wconf 87' lang='lat' dir='ltr'><strong>&#39;libidinum</strong></span> <span class='ocrx_word' id='word_1_64' title='bbox 1067 1054 1163 1161; x_wconf 58' lang='lat' dir='ltr'><strong>penore</strong></span> 
     </span>
     <span class='ocr_line' id='line_1_9' title="bbox 132 1170 1197 1260; baseline -0.001 -20"><span class='ocrx_word' id='word_1_65' title='bbox 132 1170 326 1249; x_wconf 84' lang='lat' dir='ltr'><strong>exercendo,</strong></span> <span class='ocrx_word' id='word_1_66' title='bbox 348 1180 381 1232; x_wconf 88' lang='lat' dir='ltr'><strong>et</strong></span> <span class='ocrx_word' id='word_1_67' title='bbox 396 1189 511 1254; x_wconf 84' lang='lat' dir='ltr'><strong>corpus</strong></span> <span class='ocrx_word' id='word_1_68' title='bbox 527 1185 560 1234; x_wconf 91' lang='lat' dir='ltr'><strong>et</strong></span> <span class='ocrx_word' id='word_1_69' title='bbox 573 1171 714 1235; x_wconf 82' lang='lat' dir='ltr'><strong>animum</strong></span> <span class='ocrx_word' id='word_1_70' title='bbox 728 1174 958 1247; x_wconf 80' lang='lat' dir='ltr'><strong>contaminent3</strong></span> <span class='ocrx_word' id='word_1_71' title='bbox 977 1175 1024 1238; x_wconf 73' lang='lat' dir='ltr'><strong>do·</strong></span> <span class='ocrx_word' id='word_1_72' title='bbox 1035 1175 1162 1260; x_wconf 80' lang='lat' dir='ltr'><strong>pollutio</strong></span> <span class='ocrx_word' id='word_1_73' title='bbox 1195 1176 1197 1221; x_wconf 71' lang='grc' dir='ltr'>ἶ</span> 
     </span>
    </p>

    <p class='ocr_par' dir='ltr' id='par_1_4' title="bbox 96 1269 1186 1362">
     <span class='ocr_line' id='line_1_10' title="bbox 96 1269 1186 1362; baseline -0.005 -22"><span class='ocrx_word' id='word_1_74' title='bbox 96 1334 102 1348; x_wconf 89' lang='grc'><strong>,</strong></span> <span class='ocrx_word' id='word_1_75' title='bbox 131 1299 171 1362; x_wconf 80' lang='lat' dir='ltr'><strong>ne</strong></span> <span class='ocrx_word' id='word_1_76' title='bbox 194 1295 239 1337; x_wconf 90' lang='lat' dir='ltr'><strong>ex</strong></span> <span class='ocrx_word' id='word_1_77' title='bbox 260 1271 333 1353; x_wconf 84' lang='lat' dir='ltr'><strong>lege</strong></span> <span class='ocrx_word' id='word_1_78' title='bbox 353 1269 502 1333; x_wconf 84' lang='lat' dir='ltr'><strong>Levitioa</strong></span> <span class='ocrx_word' id='word_1_79' title='bbox 523 1269 644 1356; x_wconf 78' lang='lat' dir='ltr'><strong>legitur</strong></span> <span class='ocrx_word' id='word_1_80' title='bbox 668 1272 775 1336; x_wconf 86' lang='lat' dir='ltr'><strong>Levit.</strong></span> <span class='ocrx_word' id='word_1_81' title='bbox 796 1278 844 1352; x_wconf 89' lang='grc'><strong>13,</strong></span> <span class='ocrx_word' id='word_1_82' title='bbox 867 1279 897 1337; x_wconf 89' lang='grc'><strong>8.</strong></span> <span class='ocrx_word' id='word_1_83' title='bbox 918 1279 970 1337; x_wconf 83' lang='grc'><strong>11.</strong></span> <span class='ocrx_word' id='word_1_84' title='bbox 991 1278 1047 1338; x_wconf 86' lang='grc'><strong>14.</strong></span> <span class='ocrx_word' id='word_1_85' title='bbox 1066 1274 1163 1338; x_wconf 82' lang='lat' dir='ltr'><strong>ubido</strong></span> <span class='ocrx_word' id='word_1_86' title='bbox 1184 1330 1186 1335; x_wconf 88' lang='grc'><strong>,</strong></span> 
     </span>
    </p>

    <p class='ocr_par' dir='ltr' id='par_1_5' title="bbox 128 1368 1162 1462">
     <span class='ocr_line' id='line_1_11' title="bbox 128 1368 1162 1462; baseline -0.002 -22"><span class='ocrx_word' id='word_1_87' title='bbox 128 1377 221 1462; x_wconf 85' lang='lat' dir='ltr'><strong>lepra</strong></span> <span class='ocrx_word' id='word_1_88' title='bbox 236 1389 341 1435; x_wconf 87' lang='lat' dir='ltr'><strong>senno</strong></span> <span class='ocrx_word' id='word_1_89' title='bbox 356 1381 417 1432; x_wconf 86' lang='lat' dir='ltr'><strong>est.</strong></span> <span class='ocrx_word' id='word_1_90' title='bbox 437 1368 523 1434; x_wconf 78' lang='lat' dir='ltr'><strong>Tob.</strong></span> <span class='ocrx_word' id='word_1_91' title='bbox 533 1376 564 1451; x_wconf 84' lang='lat'><strong>3,</strong></span> <span class='ocrx_word' id='word_1_92' title='bbox 573 1377 605 1436; x_wconf 85' lang='lat'><strong>9.</strong></span> <span class='ocrx_word' id='word_1_93' title='bbox 626 1373 849 1456; x_wconf 64' lang='grc' dir='ltr'><strong><em>μεμιασμένοις</em></strong></span> <span class='ocrx_word' id='word_1_94' title='bbox 863 1371 1008 1456; x_wconf 84' lang='lat' dir='ltr'><strong>pollutus</strong></span> <span class='ocrx_word' id='word_1_95' title='bbox 1022 1375 1162 1461; x_wconf 84' lang='lat' dir='ltr'><strong>sepulture</strong></span> 
     </span>
    </p>

    <p class='ocr_par' dir='ltr' id='par_1_6' title="bbox 124 1468 1163 1862">
     <span class='ocr_line' id='line_1_12' title="bbox 129 1468 1162 1559; baseline -0.004 -17"><span class='ocrx_word' id='word_1_96' title='bbox 129 1472 308 1542; x_wconf 81' lang='lat' dir='ltr'><strong>cadaveris.</strong></span> <span class='ocrx_word' id='word_1_97' title='bbox 351 1468 456 1534; x_wconf 86' lang='lat' dir='ltr'><strong>Sensu</strong></span> <span class='ocrx_word' id='word_1_98' title='bbox 467 1469 583 1535; x_wconf 77' lang='lat' dir='ltr'><strong>morali</strong></span> <span class='ocrx_word' id='word_1_99' title='bbox 605 1470 670 1536; x_wconf 86' lang='lat' dir='ltr'><strong>Tit.</strong></span> <span class='ocrx_word' id='word_1_100' title='bbox 690 1479 719 1552; x_wconf 87' lang='lat'><strong>1,</strong></span> <span class='ocrx_word' id='word_1_101' title='bbox 735 1479 785 1538; x_wconf 88' lang='grc'><strong>15.</strong></span> <span class='ocrx_word' id='word_1_102' title='bbox 806 1470 863 1534; x_wconf 91' lang='lat' dir='ltr'><strong>nbi</strong></span> <span class='ocrx_word' id='word_1_103' title='bbox 877 1477 1096 1559; x_wconf 75' lang='grc' dir='ltr'><strong><em>μεμιασμένοι</em></strong></span> <span class='ocrx_word' id='word_1_104' title='bbox 1110 1479 1162 1540; x_wconf 89' lang='lat' dir='ltr'><strong>iuu-</strong></span> 
     </span>
     <span class='ocr_line' id='line_1_13' title="bbox 128 1565 1163 1664; baseline -0.001 -24"><span class='ocrx_word' id='word_1_105' title='bbox 128 1589 246 1664; x_wconf 84' lang='lat' dir='ltr'><strong>guntur</strong></span> <span class='ocrx_word' id='word_1_106' title='bbox 260 1565 422 1650; x_wconf 70' lang='grc' dir='ltr'><strong><em>οίπίοιοις,</em></strong></span> <span class='ocrx_word' id='word_1_107' title='bbox 442 1581 475 1633; x_wconf 90' lang='lat' dir='ltr'><strong>et</strong></span> <span class='ocrx_word' id='word_1_108' title='bbox 499 1571 608 1635; x_wconf 87' lang='lat' dir='ltr'><strong>addite</strong></span> <span class='ocrx_word' id='word_1_109' title='bbox 621 1570 773 1657; x_wconf 82' lang='lat' dir='ltr'><strong>leguntur</strong></span> <span class='ocrx_word' id='word_1_110' title='bbox 784 1571 897 1636; x_wconf 84' lang='lat' dir='ltr'><strong>verba:</strong></span> <span class='ocrx_word' id='word_1_111' title='bbox 918 1571 1101 1658; x_wconf 80' lang='grc' dir='ltr'><strong><em>μεμίανται</em></strong></span> <span class='ocrx_word' id='word_1_112' title='bbox 1121 1574 1163 1640; x_wconf 85' lang='lat' dir='ltr'><strong>ori·</strong></span> 
     </span>
     <span class='ocr_line' id='line_1_14' title="bbox 124 1667 1160 1762; baseline -0.005 -18"><span class='ocrx_word' id='word_1_113' title='bbox 124 1680 194 1744; x_wconf 77' lang='grc' dir='ltr'><strong>τῶν</strong></span> <span class='ocrx_word' id='word_1_114' title='bbox 208 1674 268 1740; x_wconf 81' lang='grc' dir='ltr'><strong>καὶ</strong></span> <span class='ocrx_word' id='word_1_115' title='bbox 282 1671 386 1746; x_wconf 66' lang='lat' dir='ltr'><strong>orosio</strong></span> <span class='ocrx_word' id='word_1_116' title='bbox 398 1670 458 1734; x_wconf 83' lang='grc' dir='ltr'><strong>καὶ</strong></span> <span class='ocrx_word' id='word_1_117' title='bbox 471 1669 492 1748; x_wconf 88' lang='grc' dir='ltr'><em>ἡ</em></span> <span class='ocrx_word' id='word_1_118' title='bbox 507 1667 700 1750; x_wconf 74' lang='grc' dir='ltr'><strong><em>συνείδησις.</em></strong></span> <span class='ocrx_word' id='word_1_119' title='bbox 713 1671 752 1735; x_wconf 94' lang='lat' dir='ltr'><strong>In</strong></span> <span class='ocrx_word' id='word_1_120' title='bbox 762 1672 826 1736; x_wconf 89' lang='lat' dir='ltr'><strong>hoc</strong></span> <span class='ocrx_word' id='word_1_121' title='bbox 838 1675 996 1738; x_wconf 82' lang='lat' dir='ltr'><strong>orationis</strong></span> <span class='ocrx_word' id='word_1_122' title='bbox 1010 1676 1160 1762; x_wconf 83' lang='lat' dir='ltr'><strong>complexu</strong></span> 
     </span>
     <span class='ocr_line' id='line_1_15' title="bbox 128 1767 1160 1862; baseline -0.004 -18"><span class='ocrx_word' id='word_1_123' title='bbox 128 1777 262 1844; x_wconf 84' lang='lat' dir='ltr'><strong>verbum</strong></span> <span class='ocrx_word' id='word_1_124' title='bbox 274 1767 431 1855; x_wconf 75' lang='grc' dir='ltr'><strong><em>μιαίνειν,</em></strong></span> <span class='ocrx_word' id='word_1_125' title='bbox 441 1783 476 1833; x_wconf 92' lang='lat' dir='ltr'><strong>ut</strong></span> <span class='ocrx_word' id='word_1_126' title='bbox 492 1769 574 1834; x_wconf 87' lang='lat' dir='ltr'><strong>bene</strong></span> <span class='ocrx_word' id='word_1_127' title='bbox 587 1776 710 1835; x_wconf 87' lang='lat' dir='ltr'><strong>monuit</strong></span> <span class='ocrx_word' id='word_1_128' title='bbox 725 1773 883 1854; x_wconf 67' lang='lat' dir='ltr'><strong>soknim,</strong></span> <span class='ocrx_word' id='word_1_129' title='bbox 905 1788 982 1860; x_wconf 85' lang='lat' dir='ltr'><strong>apta</strong></span> <span class='ocrx_word' id='word_1_130' title='bbox 992 1776 1160 1862; x_wconf 77' lang='lat' dir='ltr'><strong>ambiguite</strong></span> 
     </span>
    </p>
   </div>
   <div class='ocr_carea' id='block_1_3' title="bbox 4 1871 1160 1962">
    <p class='ocr_par' dir='ltr' id='par_1_7' title="bbox 4 1871 1160 1962">
     <span class='ocr_line' id='line_1_16' title="bbox 4 1871 1160 1962; baseline -0.002 -19"><span class='ocrx_word' id='word_1_131' title='bbox 4 1877 8 1884; x_wconf 75' lang='grc'><strong>’</strong></span> <span class='ocrx_word' id='word_1_132' title='bbox 62 1895 65 1902; x_wconf 90' lang='grc'><strong>’</strong></span> <span class='ocrx_word' id='word_1_133' title='bbox 127 1894 159 1945; x_wconf 90' lang='lat' dir='ltr'><strong>te</strong></span> <span class='ocrx_word' id='word_1_134' title='bbox 173 1880 213 1942; x_wconf 84' lang='lat' dir='ltr'><strong>de</strong></span> <span class='ocrx_word' id='word_1_135' title='bbox 225 1874 303 1962; x_wconf 83' lang='grc' dir='ltr'><strong><em>ῥίζα</em></strong></span> <span class='ocrx_word' id='word_1_136' title='bbox 318 1871 493 1936; x_wconf 81' lang='lat' dir='ltr'><strong>adhibitum</strong></span> <span class='ocrx_word' id='word_1_137' title='bbox 507 1885 567 1952; x_wconf 85' lang='lat' dir='ltr'><strong>est,</strong></span> <span class='ocrx_word' id='word_1_138' title='bbox 582 1884 617 1934; x_wconf 91' lang='lat' dir='ltr'><strong>ut</strong></span> <span class='ocrx_word' id='word_1_139' title='bbox 628 1873 723 1937; x_wconf 89' lang='lat' dir='ltr'><strong>simul</strong></span> <span class='ocrx_word' id='word_1_140' title='bbox 736 1874 866 1939; x_wconf 83' lang='lat' dir='ltr'><strong>adesset</strong></span> <span class='ocrx_word' id='word_1_141' title='bbox 876 1878 1031 1959; x_wconf 85' lang='lat' dir='ltr'><strong>cogitatio</strong></span> <span class='ocrx_word' id='word_1_142' title='bbox 1042 1877 1160 1941; x_wconf 79' lang='lat' dir='ltr'><strong>hominis</strong></span> 
     </span>
    </p>
   </div>
   <div class='ocr_carea' id='block_1_4' title="bbox 42 1972 1197 4271">
    <p class='ocr_par' dir='ltr' id='par_1_8' title="bbox 42 1972 1197 4271">
     <span class='ocr_line' id='line_1_17' title="bbox 129 1972 1117 2060; baseline 0 -18"><span class='ocrx_word' id='word_1_143' title='bbox 129 1978 335 2060; x_wconf 79' lang='lat' dir='ltr'><strong>corruptoris,</strong></span> <span class='ocrx_word' id='word_1_144' title='bbox 356 1972 476 2037; x_wconf 81' lang='lat' dir='ltr'><strong>herbae</strong></span> <span class='ocrx_word' id='word_1_145' title='bbox 491 1986 596 2037; x_wconf 74' lang='lat' dir='ltr'><strong>utitem</strong></span> <span class='ocrx_word' id='word_1_146' title='bbox 614 1976 734 2038; x_wconf 87' lang='lat' dir='ltr'><strong>notatio</strong></span> <span class='ocrx_word' id='word_1_147' title='bbox 748 1996 812 2038; x_wconf 92' lang='lat' dir='ltr'><strong>non</strong></span> <span class='ocrx_word' id='word_1_148' title='bbox 830 1996 964 2060; x_wconf 87' lang='lat' dir='ltr'><strong>prorsus</strong></span> <span class='ocrx_word' id='word_1_149' title='bbox 981 1977 1117 2042; x_wconf 86' lang='lat' dir='ltr'><strong>abesset.</strong></span> 
     </span>
     <span class='ocr_line' id='line_1_18' title="bbox 212 2075 1157 2164; baseline 0.002 -23"><span class='ocrx_word' id='word_1_150' title='bbox 212 2081 263 2141; x_wconf 97' lang='grc'><strong>16.</strong></span> <span class='ocrx_word' id='word_1_151' title='bbox 283 2075 337 2141; x_wconf 85' lang='lat' dir='ltr'><strong>Ne</strong></span> <span class='ocrx_word' id='word_1_152' title='bbox 354 2082 423 2160; x_wconf 82' lang='lat' dir='ltr'><strong>quis</strong></span> <span class='ocrx_word' id='word_1_153' title='bbox 436 2081 567 2140; x_wconf 79' lang='lat' dir='ltr'><strong>intersit</strong></span> <span class='ocrx_word' id='word_1_154' title='bbox 581 2083 688 2140; x_wconf 78' lang='lat' dir='ltr'><strong>coetui</strong></span> <span class='ocrx_word' id='word_1_155' title='bbox 700 2087 807 2141; x_wconf 83' lang='lat' dir='ltr'><strong>oestro</strong></span> <span class='ocrx_word' id='word_1_156' title='bbox 824 2085 989 2141; x_wconf 71' lang='lat' dir='ltr'><strong>scortator</strong></span> <span class='ocrx_word' id='word_1_157' title='bbox 999 2082 1054 2143; x_wconf 80' lang='lat' dir='ltr'><strong>oet</strong></span> <span class='ocrx_word' id='word_1_158' title='bbox 1060 2078 1157 2164; x_wconf 69' lang='lat' dir='ltr'><strong>profe</strong></span> 
     </span>
     <span class='ocr_line' id='line_1_19' title="bbox 48 2174 1158 2261; baseline -0.007 -13"><span class='ocrx_word' id='word_1_159' title='bbox 48 2236 57 2249; x_wconf 82' lang='lat'><em>.</em></span> <span class='ocrx_word' id='word_1_160' title='bbox 125 2201 195 2258; x_wconf 81' lang='lat' dir='ltr'><strong>nus,</strong></span> <span class='ocrx_word' id='word_1_161' title='bbox 215 2177 324 2243; x_wconf 81' lang='lat' dir='ltr'><strong>Esaoo</strong></span> <span class='ocrx_word' id='word_1_162' title='bbox 337 2178 457 2255; x_wconf 77' lang='lat' dir='ltr'><strong>similis,</strong></span> <span class='ocrx_word' id='word_1_163' title='bbox 480 2182 536 2260; x_wconf 78' lang='lat' dir='ltr'><strong>qm·</strong></span> <span class='ocrx_word' id='word_1_164' title='bbox 546 2197 611 2260; x_wconf 87' lang='lat' dir='ltr'><strong>pro</strong></span> <span class='ocrx_word' id='word_1_165' title='bbox 625 2179 731 2241; x_wconf 76' lang='lat' dir='ltr'><strong>edulio</strong></span> <span class='ocrx_word' id='word_1_166' title='bbox 743 2197 817 2254; x_wconf 82' lang='grc' dir='ltr'><strong><em>υιιο,</em></strong></span> <span class='ocrx_word' id='word_1_167' title='bbox 835 2183 884 2240; x_wconf 76' lang='lat' dir='ltr'><strong>tus</strong></span> <span class='ocrx_word' id='word_1_168' title='bbox 904 2174 1158 2261; x_wconf 59' lang='lat' dir='ltr'><strong>primogeniturae</strong></span> 
     </span>
     <span class='ocr_line' id='line_1_20' title="bbox 123 2274 1157 2361; baseline 0 -19"><span class='ocrx_word' id='word_1_169' title='bbox 123 2279 267 2342; x_wconf 75' lang='lat' dir='ltr'><strong>oertdt&#39;ds‘t</strong></span> <span class='ocrx_word' id='word_1_170' title='bbox 286 2274 327 2337; x_wconf 86' lang='lat' dir='ltr'><strong>cl.</strong></span> <span class='ocrx_word' id='word_1_171' title='bbox 351 2274 436 2339; x_wconf 81' lang='lat' dir='ltr'><strong>Gen.</strong></span> <span class='ocrx_word' id='word_1_172' title='bbox 450 2281 502 2356; x_wconf 82' lang='lat'><strong>25,</strong></span> <span class='ocrx_word' id='word_1_173' title='bbox 516 2281 556 2341; x_wconf 88' lang='grc'><strong>33</strong></span> <span class='ocrx_word' id='word_1_174' title='bbox 572 2298 620 2361; x_wconf 83' lang='lat' dir='ltr'><strong>sq.</strong></span> <span class='ocrx_word' id='word_1_175' title='bbox 647 2275 686 2339; x_wconf 94' lang='lat' dir='ltr'><strong>In</strong></span> <span class='ocrx_word' id='word_1_176' title='bbox 710 2278 934 2340; x_wconf 85' lang='lat' dir='ltr'><strong>constituendo</strong></span> <span class='ocrx_word' id='word_1_177' title='bbox 957 2299 1057 2341; x_wconf 87' lang='lat' dir='ltr'><strong>sensu</strong></span> <span class='ocrx_word' id='word_1_178' title='bbox 1082 2300 1157 2342; x_wconf 83' lang='lat' dir='ltr'><strong>vocu-</strong></span> 
     </span>
     <span class='ocr_line' id='line_1_21' title="bbox 125 2374 1158 2466; baseline 0.001 -25"><span class='ocrx_word' id='word_1_179' title='bbox 125 2375 193 2442; x_wconf 91' lang='lat' dir='ltr'><strong>buli</strong></span> <span class='ocrx_word' id='word_1_180' title='bbox 209 2374 338 2458; x_wconf 73' lang='grc' dir='ltr'><strong><em>πόρνος</em></strong></span> <span class='ocrx_word' id='word_1_181' title='bbox 346 2376 540 2460; x_wconf 86' lang='lat' dir='ltr'><strong>interpretes</strong></span> <span class='ocrx_word' id='word_1_182' title='bbox 553 2379 638 2441; x_wconf 91' lang='lat' dir='ltr'><strong>inter</strong></span> <span class='ocrx_word' id='word_1_183' title='bbox 654 2400 690 2441; x_wconf 88' lang='lat' dir='ltr'><strong>se</strong></span> <span class='ocrx_word' id='word_1_184' title='bbox 703 2378 897 2462; x_wconf 84' lang='lat' dir='ltr'><strong>discrepent.</strong></span> <span class='ocrx_word' id='word_1_185' title='bbox 924 2377 1158 2466; x_wconf 79' lang='lat' dir='ltr'><strong>·Plerique·sul</strong></span> 
     </span>
     <span class='ocr_line' id='line_1_22' title="bbox 124 2472 1159 2564; baseline 0.004 -24"><span class='ocrx_word' id='word_1_186' title='bbox 124 2498 235 2564; x_wconf 74' lang='lat' dir='ltr'><strong>gesem</strong></span> <span class='ocrx_word' id='word_1_187' title='bbox 258 2476 398 2539; x_wconf 87' lang='lat' dir='ltr'><strong>nominis</strong></span> <span class='ocrx_word' id='word_1_188' title='bbox 418 2472 542 2561; x_wconf 75' lang='grc' dir='ltr'><strong><em>πόρνος</em></strong></span> <span class='ocrx_word' id='word_1_189' title='bbox 560 2476 852 2562; x_wconf 75' lang='lat' dir='ltr'><strong>significationem,</strong></span> <span class='ocrx_word' id='word_1_190' title='bbox 874 2501 937 2564; x_wconf 86' lang='lat' dir='ltr'><strong>qne</strong></span> <span class='ocrx_word' id='word_1_191' title='bbox 967 2489 1159 2544; x_wconf 78' lang='lat' dir='ltr'><strong>scortatores</strong></span> 
     </span>
     <span class='ocr_line' id='line_1_23' title="bbox 122 2574 1159 2662; baseline -0.001 -21"><span class='ocrx_word' id='word_1_192' title='bbox 122 2578 255 2662; x_wconf 84' lang='lat' dir='ltr'><strong>proprie</strong></span> <span class='ocrx_word' id='word_1_193' title='bbox 277 2577 323 2638; x_wconf 86' lang='lat' dir='ltr'><strong>sio</strong></span> <span class='ocrx_word' id='word_1_194' title='bbox 341 2574 634 2658; x_wconf 77' lang='lat' dir='ltr'><strong>dictom&#39;tloclnret,</strong></span> <span class='ocrx_word' id='word_1_195' title='bbox 656 2578 855 2656; x_wconf 81' lang='lat' dir='ltr'><strong>retinendam</strong></span> <span class='ocrx_word' id='word_1_196' title='bbox 878 2600 951 2641; x_wconf 89' lang='lat' dir='ltr'><strong>esse</strong></span> <span class='ocrx_word' id='word_1_197' title='bbox 972 2581 1159 2643; x_wconf 85' lang='lat' dir='ltr'><strong>contendunt</strong></span> 
     </span>
     <span class='ocr_line' id='line_1_24' title="bbox 122 2664 1161 2767; baseline -0.001 -22"><span class='ocrx_word' id='word_1_198' title='bbox 122 2675 277 2745; x_wconf 88' lang='lat' dir='ltr'><strong>Nonnulli</strong></span> <span class='ocrx_word' id='word_1_199' title='bbox 292 2675 354 2738; x_wconf 89' lang='lat' dir='ltr'><strong>hoc</strong></span> <span class='ocrx_word' id='word_1_200' title='bbox 367 2672 525 2767; x_wconf 79' lang='lat' dir='ltr'><strong>vocabulo</strong></span> <span class='ocrx_word' id='word_1_201' title='bbox 537 2664 667 2741; x_wconf 82' lang='lat' dir='ltr'><strong>omniuo</strong></span> <span class='ocrx_word' id='word_1_202' title='bbox 683 2679 832 2743; x_wconf 74' lang='lat' dir='ltr'><strong>homiuem</strong></span> <span class='ocrx_word' id='word_1_203' title='bbox 846 2681 1025 2760; x_wconf 74' lang='lat' dir='ltr'><strong>scelestum,</strong></span> <span class='ocrx_word' id='word_1_204' title='bbox 1039 2681 1161 2758; x_wconf 79' lang='lat' dir='ltr'><strong>facino·</strong></span> 
     </span>
     <span class='ocr_line' id='line_1_25' title="bbox 122 2773 1159 2864; baseline -0.006 -18"><span class='ocrx_word' id='word_1_205' title='bbox 122 2801 238 2858; x_wconf 80' lang='lat' dir='ltr'><strong>rosum,</strong></span> <span class='ocrx_word' id='word_1_206' title='bbox 260 2773 434 2861; x_wconf 82' lang='lat' dir='ltr'><strong>significari</strong></span> <span class='ocrx_word' id='word_1_207' title='bbox 453 2780 577 2860; x_wconf 68' lang='lat' dir='ltr'><strong>putent</strong></span> <span class='ocrx_word' id='word_1_208' title='bbox 618 2776 686 2841; x_wconf 91' lang='lat' dir='ltr'><strong>Alii</strong></span> <span class='ocrx_word' id='word_1_209' title='bbox 709 2781 856 2864; x_wconf 87' lang='lat' dir='ltr'><strong>(quorum</strong></span> <span class='ocrx_word' id='word_1_210' title='bbox 882 2778 918 2840; x_wconf 91' lang='lat' dir='ltr'><strong>iu</strong></span> <span class='ocrx_word' id='word_1_211' title='bbox 945 2800 1080 2844; x_wconf 87' lang='lat' dir='ltr'><strong>numero</strong></span> <span class='ocrx_word' id='word_1_212' title='bbox 1102 2790 1159 2843; x_wconf 87' lang='lat' dir='ltr'><strong>sunt</strong></span> 
     </span>
     <span class='ocr_line' id='line_1_26' title="bbox 126 2874 1159 2964; baseline -0.002 -19"><span class='ocrx_word' id='word_1_213' title='bbox 126 2881 333 2963; x_wconf 70' lang='grc' dir='ltr'><strong><em>Ουνμιοοίυι,</em></strong></span> <span class='ocrx_word' id='word_1_214' title='bbox 358 2874 515 2956; x_wconf 70' lang='lat' dir='ltr'><strong>Stemus,</strong></span> <span class='ocrx_word' id='word_1_215' title='bbox 537 2875 819 2958; x_wconf 76' lang='grc' dir='ltr'><strong><em>Μοῐσοιιίιαυονια,</em></strong></span> <span class='ocrx_word' id='word_1_216' title='bbox 839 2877 1004 2964; x_wconf 72' lang='lat' dir='ltr'><strong>Bilmt&#39;us)</strong></span> <span class='ocrx_word' id='word_1_217' title='bbox 1022 2884 1159 2947; x_wconf 78' lang='lat' dir='ltr'><strong>idolum</strong></span> 
     </span>
     <span class='ocr_line' id='line_1_27' title="bbox 123 2975 1159 3060; baseline -0.004 -14"><span class='ocrx_word' id='word_1_218' title='bbox 123 2985 296 3057; x_wconf 80' lang='lat' dir='ltr'><strong>cultorem,</strong></span> <span class='ocrx_word' id='word_1_219' title='bbox 314 2976 518 3041; x_wconf 73' lang='lat' dir='ltr'><strong>,desertorem</strong></span> <span class='ocrx_word' id='word_1_220' title='bbox 541 2975 712 3060; x_wconf 85' lang='lat' dir='ltr'><strong>religionis</strong></span> <span class='ocrx_word' id='word_1_221' title='bbox 733 2999 847 3058; x_wconf 82' lang='lat' dir='ltr'><strong>verse,</strong></span> <span class='ocrx_word' id='word_1_222' title='bbox 874 2979 905 3043; x_wconf 89' lang='lat' dir='ltr'><strong>h.</strong></span> <span class='ocrx_word' id='word_1_223' title='bbox 923 3001 951 3041; x_wconf 91' lang='lat' dir='ltr'><strong>e.</strong></span> <span class='ocrx_word' id='word_1_224' title='bbox 979 2981 1159 3046; x_wconf 83' lang='lat' dir='ltr'><strong>christianae</strong></span> 
     </span>
     <span class='ocr_line' id='line_1_28' title="bbox 121 3079 1156 3165; baseline 0 -20"><span class='ocrx_word' id='word_1_225' title='bbox 121 3081 181 3145; x_wconf 89' lang='lat' dir='ltr'><strong>hoc</strong></span> <span class='ocrx_word' id='word_1_226' title='bbox 197 3081 326 3143; x_wconf 88' lang='lat' dir='ltr'><strong>nornine</strong></span> <span class='ocrx_word' id='word_1_227' title='bbox 335 3079 488 3163; x_wconf 86' lang='lat' dir='ltr'><strong>insigniri</strong></span> <span class='ocrx_word' id='word_1_228' title='bbox 499 3081 649 3150; x_wconf 68' lang='lat' dir='ltr'><strong>bensent3</strong></span> <span class='ocrx_word' id='word_1_229' title='bbox 672 3098 754 3164; x_wconf 88' lang='lat' dir='ltr'><strong>quae</strong></span> <span class='ocrx_word' id='word_1_230' title='bbox 771 3079 900 3165; x_wconf 88' lang='lat' dir='ltr'><strong>quidem</strong></span> <span class='ocrx_word' id='word_1_231' title='bbox 914 3084 1075 3144; x_wconf 78' lang='lat' dir='ltr'><strong>sententia</strong></span> <span class='ocrx_word' id='word_1_232' title='bbox 1095 3080 1156 3145; x_wconf 85' lang='lat' dir='ltr'><strong>mili</strong></span> 
     </span>
     <span class='ocr_line' id='line_1_29' title="bbox 65 3177 1197 3263; baseline -0.002 -19"><span class='ocrx_word' id='word_1_233' title='bbox 65 3208 80 3219; x_wconf 86' lang='lat'><em>·</em></span> <span class='ocrx_word' id='word_1_234' title='bbox 120 3182 293 3245; x_wconf 83' lang='lat' dir='ltr'><strong>verissime</strong></span> <span class='ocrx_word' id='word_1_235' title='bbox 304 3179 445 3241; x_wconf 88' lang='lat' dir='ltr'><strong>videtur.</strong></span> <span class='ocrx_word' id='word_1_236' title='bbox 488 3177 634 3242; x_wconf 80' lang='lat' dir='ltr'><strong>Caussae</strong></span> <span class='ocrx_word' id='word_1_237' title='bbox 654 3182 814 3263; x_wconf 83' lang='lat' dir='ltr'><strong>quareits</strong></span> <span class='ocrx_word' id='word_1_238' title='bbox 831 3190 979 3260; x_wconf 81' lang='lat' dir='ltr'><strong>statuam,</strong></span> <span class='ocrx_word' id='word_1_239' title='bbox 1002 3181 1065 3244; x_wconf 86' lang='lat' dir='ltr'><strong>hee</strong></span> <span class='ocrx_word' id='word_1_240' title='bbox 1085 3192 1157 3245; x_wconf 88' lang='lat' dir='ltr'><strong>suut:</strong></span> <span class='ocrx_word' id='word_1_241' title='bbox 1195 3250 1197 3263; x_wconf 40' lang='grc' dir='ltr'>Ι</span> 
     </span>
     <span class='ocr_line' id='line_1_30' title="bbox 123 3264 1157 3366; baseline -0.001 -20"><span class='ocrx_word' id='word_1_242' title='bbox 123 3284 153 3366; x_wconf 92' lang='grc'><strong>1)</strong></span> <span class='ocrx_word' id='word_1_243' title='bbox 176 3279 325 3344; x_wconf 80' lang='lat' dir='ltr'><strong>Deiectio</strong></span> <span class='ocrx_word' id='word_1_244' title='bbox 340 3300 360 3340; x_wconf 81' lang='lat' dir='ltr'><strong>a</strong></span> <span class='ocrx_word' id='word_1_245' title='bbox 372 3277 530 3362; x_wconf 85' lang='lat' dir='ltr'><strong>religione</strong></span> <span class='ocrx_word' id='word_1_246' title='bbox 546 3299 634 3355; x_wconf 86' lang='lat' dir='ltr'><strong>vera,</strong></span> <span class='ocrx_word' id='word_1_247' title='bbox 656 3264 760 3342; x_wconf 86' lang='lat' dir='ltr'><strong>cultus</strong></span> <span class='ocrx_word' id='word_1_248' title='bbox 774 3278 931 3343; x_wconf 84' lang='lat' dir='ltr'><strong>idolorum</strong></span> <span class='ocrx_word' id='word_1_249' title='bbox 946 3283 982 3344; x_wconf 92' lang='lat' dir='ltr'><strong>in</strong></span> <span class='ocrx_word' id='word_1_250' title='bbox 1001 3281 1107 3345; x_wconf 87' lang='lat' dir='ltr'><strong>literis</strong></span> <span class='ocrx_word' id='word_1_251' title='bbox 1118 3302 1157 3344; x_wconf 83' lang='lat' dir='ltr'><strong>ss·</strong></span> 
     </span>
     <span class='ocr_line' id='line_1_31' title="bbox 120 3364 1197 3463; baseline -0.003 -17"><span class='ocrx_word' id='word_1_252' title='bbox 120 3383 184 3446; x_wconf 88' lang='lat' dir='ltr'><strong>cris</strong></span> <span class='ocrx_word' id='word_1_253' title='bbox 202 3381 331 3463; x_wconf 85' lang='lat' dir='ltr'><strong>saepius</strong></span> <span class='ocrx_word' id='word_1_254' title='bbox 347 3390 550 3462; x_wconf 84' lang='lat' dir='ltr'><strong>comparetur</strong></span> <span class='ocrx_word' id='word_1_255' title='bbox 570 3400 640 3442; x_wconf 90' lang='lat' dir='ltr'><strong>cum</strong></span> <span class='ocrx_word' id='word_1_256' title='bbox 654 3380 849 3442; x_wconf 83' lang='lat' dir='ltr'><strong>scortatione</strong></span> <span class='ocrx_word' id='word_1_257' title='bbox 874 3391 906 3443; x_wconf 89' lang='lat' dir='ltr'><strong>et</strong></span> <span class='ocrx_word' id='word_1_258' title='bbox 926 3379 1097 3462; x_wconf 83' lang='lat' dir='ltr'><strong>adulterio,</strong></span> <span class='ocrx_word' id='word_1_259' title='bbox 1118 3392 1156 3443; x_wconf 83' lang='lat' dir='ltr'><strong>at·</strong></span> <span class='ocrx_word' id='word_1_260' title='bbox 1195 3364 1197 3371; x_wconf 39' lang='lat'><strong>¹</strong></span> 
     </span>
     <span class='ocr_line' id='line_1_32' title="bbox 42 3474 1197 3570; baseline -0.003 -25"><span class='ocrx_word' id='word_1_261' title='bbox 42 3549 49 3561; x_wconf 55' lang='grc'><strong><em>,</em></strong></span> <span class='ocrx_word' id='word_1_262' title='bbox 119 3503 182 3570; x_wconf 89' lang='lat' dir='ltr'><strong>quc</strong></span> <span class='ocrx_word' id='word_1_263' title='bbox 195 3478 305 3544; x_wconf 83' lang='lat' dir='ltr'><strong>verbis</strong></span> <span class='ocrx_word' id='word_1_264' title='bbox 321 3476 502 3563; x_wconf 72' lang='grc' dir='ltr'><strong><em>πορνείαν,</em></strong></span> <span class='ocrx_word' id='word_1_265' title='bbox 523 3474 671 3560; x_wconf 77' lang='grc' dir='ltr'><strong><em>πορνεία,</em></strong></span> <span class='ocrx_word' id='word_1_266' title='bbox 690 3477 820 3562; x_wconf 80' lang='grc' dir='ltr'><strong><em>μοιχεία</em></strong></span> <span class='ocrx_word' id='word_1_267' title='bbox 849 3480 1036 3563; x_wconf 79' lang='lat' dir='ltr'><strong>insignitur,</strong></span> <span class='ocrx_word' id='word_1_268' title='bbox 1056 3493 1091 3543; x_wconf 88' lang='lat' dir='ltr'><strong>nt</strong></span> <span class='ocrx_word' id='word_1_269' title='bbox 1104 3479 1155 3543; x_wconf 85' lang='lat' dir='ltr'><strong>lor.</strong></span> <span class='ocrx_word' id='word_1_270' title='bbox 1194 3510 1197 3553; x_wconf 67' lang='grc' dir='ltr'><strong>ς</strong></span> 
     </span>
     <span class='ocr_line' id='line_1_33' title="bbox 118 3573 1155 3666; baseline -0.002 -20"><span class='ocrx_word' id='word_1_271' title='bbox 118 3590 151 3663; x_wconf 92' lang='grc'><strong>2,</strong></span> <span class='ocrx_word' id='word_1_272' title='bbox 167 3590 218 3647; x_wconf 89' lang='grc'><strong>20.</strong></span> <span class='ocrx_word' id='word_1_273' title='bbox 242 3583 299 3645; x_wconf 80' lang='lat' dir='ltr'><strong>En.</strong></span> <span class='ocrx_word' id='word_1_274' title='bbox 320 3585 372 3658; x_wconf 90' lang='grc'><strong>16,</strong></span> <span class='ocrx_word' id='word_1_275' title='bbox 397 3586 450 3644; x_wconf 89' lang='grc'><strong>35.</strong></span> <span class='ocrx_word' id='word_1_276' title='bbox 481 3579 545 3643; x_wconf 81' lang='lat' dir='ltr'><strong>Sir.</strong></span> <span class='ocrx_word' id='word_1_277' title='bbox 566 3585 619 3659; x_wconf 87' lang='grc'><strong>46,</strong></span> <span class='ocrx_word' id='word_1_278' title='bbox 643 3586 693 3644; x_wconf 94' lang='grc'><strong>11.</strong></span> <span class='ocrx_word' id='word_1_279' title='bbox 716 3575 803 3643; x_wconf 75' lang='grc' dir='ltr'><strong><em>ὅσιον</em></strong></span> <span class='ocrx_word' id='word_1_280' title='bbox 824 3578 886 3643; x_wconf 79' lang='grc' dir='ltr'><strong>οὐκ</strong></span> <span class='ocrx_word' id='word_1_281' title='bbox 905 3573 1155 3666; x_wconf 66' lang='grc' dir='ltr'><strong><em>ἐξεπόρνευοενὴ</em></strong></span> 
     </span>
     <span class='ocr_line' id='line_1_34' title="bbox 120 3674 1154 3770; baseline -0.009 -22"><span class='ocrx_word' id='word_1_282' title='bbox 120 3679 254 3770; x_wconf 79' lang='grc' dir='ltr'><strong><em>καρδία,</em></strong></span> <span class='ocrx_word' id='word_1_283' title='bbox 275 3682 334 3744; x_wconf 84' lang='grc' dir='ltr'><strong>καὶ</strong></span> <span class='ocrx_word' id='word_1_284' title='bbox 354 3674 424 3743; x_wconf 81' lang='grc' dir='ltr'><strong><em>ὅσοι</em></strong></span> <span class='ocrx_word' id='word_1_285' title='bbox 447 3677 506 3745; x_wconf 78' lang='grc' dir='ltr'><strong>οὐκ</strong></span> <span class='ocrx_word' id='word_1_286' title='bbox 529 3677 798 3766; x_wconf 72' lang='grc' dir='ltr'><strong><em>ἀπεστράφησαν</em></strong></span> <span class='ocrx_word' id='word_1_287' title='bbox 818 3676 886 3743; x_wconf 82' lang='grc' dir='ltr'><strong><em>αἰιὸ</em></strong></span> <span class='ocrx_word' id='word_1_288' title='bbox 908 3677 1037 3764; x_wconf 83' lang='grc' dir='ltr'><strong><em>κυρίου·</em></strong></span> <span class='ocrx_word' id='word_1_289' title='bbox 1060 3680 1115 3745; x_wconf 79' lang='lat' dir='ltr'><strong>ubi</strong></span> <span class='ocrx_word' id='word_1_290' title='bbox 1129 3699 1154 3740; x_wconf 81' lang='lat' dir='ltr'><strong>r.</strong></span> 
     </span>
     <span class='ocr_line' id='line_1_35' title="bbox 117 3776 1153 3866; baseline -0.009 -17"><span class='ocrx_word' id='word_1_291' title='bbox 117 3783 414 3849; x_wconf 82' lang='lat' dir='ltr'><strong>Bretsolmeideros.</strong></span> <span class='ocrx_word' id='word_1_292' title='bbox 437 3780 501 3844; x_wconf 83' lang='lat' dir='ltr'><strong>lac.</strong></span> <span class='ocrx_word' id='word_1_293' title='bbox 514 3790 547 3861; x_wconf 87' lang='grc'><strong>4,</strong></span> <span class='ocrx_word' id='word_1_294' title='bbox 560 3790 592 3846; x_wconf 96' lang='grc'><strong>4.</strong></span> <span class='ocrx_word' id='word_1_295' title='bbox 613 3781 723 3866; x_wconf 79' lang='grc' dir='ltr'><strong><em>μοιχοὶ</em></strong></span> <span class='ocrx_word' id='word_1_296' title='bbox 739 3782 797 3843; x_wconf 84' lang='grc' dir='ltr'><strong>καὶ</strong></span> <span class='ocrx_word' id='word_1_297' title='bbox 811 3776 1002 3865; x_wconf 64' lang='grc' dir='ltr'><strong><em>μοιχαλίδες</em></strong></span> <span class='ocrx_word' id='word_1_298' title='bbox 1021 3781 1153 3845; x_wconf 81' lang='lat' dir='ltr'><strong>homiues</strong></span> 
     </span>
     <span class='ocr_line' id='line_1_36' title="bbox 117 3878 1151 3969; baseline -0.011 -21"><span class='ocrx_word' id='word_1_299' title='bbox 117 3883 246 3969; x_wconf 83' lang='lat' dir='ltr'><strong>perfidi.</strong></span> <span class='ocrx_word' id='word_1_300' title='bbox 288 3883 320 3965; x_wconf 80' lang='lat'><strong>2)</strong></span> <span class='ocrx_word' id='word_1_301' title='bbox 342 3880 440 3947; x_wconf 78' lang='lat' dir='ltr'><strong>Dent.</strong></span> <span class='ocrx_word' id='word_1_302' title='bbox 457 3888 508 3961; x_wconf 88' lang='lat'><strong>29,</strong></span> <span class='ocrx_word' id='word_1_303' title='bbox 527 3887 577 3945; x_wconf 92' lang='grc'><strong>18.</strong></span> <span class='ocrx_word' id='word_1_304' title='bbox 599 3890 693 3968; x_wconf 86' lang='lat' dir='ltr'><strong>quem</strong></span> <span class='ocrx_word' id='word_1_305' title='bbox 708 3880 815 3944; x_wconf 87' lang='lat' dir='ltr'><strong>locum</strong></span> <span class='ocrx_word' id='word_1_306' title='bbox 832 3878 992 3964; x_wconf 81' lang='lat' dir='ltr'><strong>epistolae</strong></span> <span class='ocrx_word' id='word_1_307' title='bbox 1006 3891 1112 3943; x_wconf 64' lang='lat' dir='ltr'><strong>anaor</strong></span> <span class='ocrx_word' id='word_1_308' title='bbox 1124 3897 1151 3938; x_wconf 79' lang='lat' dir='ltr'><strong>r.</strong></span> 
     </span>
     <span class='ocr_line' id='line_1_37' title="bbox 120 3979 1151 4069; baseline -0.007 -22"><span class='ocrx_word' id='word_1_309' title='bbox 120 3991 169 4050; x_wconf 91' lang='grc'><strong>15.</strong></span> <span class='ocrx_word' id='word_1_310' title='bbox 187 3986 345 4069; x_wconf 84' lang='lat' dir='ltr'><strong>respexit,</strong></span> <span class='ocrx_word' id='word_1_311' title='bbox 369 4004 474 4045; x_wconf 86' lang='lat' dir='ltr'><strong>sermo</strong></span> <span class='ocrx_word' id='word_1_312' title='bbox 492 3994 543 4044; x_wconf 89' lang='lat' dir='ltr'><strong>est</strong></span> <span class='ocrx_word' id='word_1_313' title='bbox 557 3984 596 4045; x_wconf 90' lang='lat' dir='ltr'><strong>de</strong></span> <span class='ocrx_word' id='word_1_314' title='bbox 611 3980 769 4045; x_wconf 89' lang='lat' dir='ltr'><strong>idolorum</strong></span> <span class='ocrx_word' id='word_1_315' title='bbox 787 3980 883 4060; x_wconf 87' lang='lat' dir='ltr'><strong>cultu,</strong></span> <span class='ocrx_word' id='word_1_316' title='bbox 906 3981 939 4044; x_wconf 82' lang='lat' dir='ltr'><strong>e&#39;t</strong></span> <span class='ocrx_word' id='word_1_317' title='bbox 955 3979 1090 4065; x_wconf 88' lang='lat' dir='ltr'><strong>hicipse</strong></span> <span class='ocrx_word' id='word_1_318' title='bbox 1102 3998 1151 4040; x_wconf 91' lang='lat' dir='ltr'><strong>uo·</strong></span> 
     </span>
     <span class='ocr_line' id='line_1_38' title="bbox 118 4075 1150 4170; baseline -0.005 -25"><span class='ocrx_word' id='word_1_319' title='bbox 118 4096 183 4147; x_wconf 88' lang='lat' dir='ltr'><strong>ster</strong></span> <span class='ocrx_word' id='word_1_320' title='bbox 199 4084 289 4149; x_wconf 88' lang='lat' dir='ltr'><strong>locus</strong></span> <span class='ocrx_word' id='word_1_321' title='bbox 301 4106 332 4146; x_wconf 83' lang='lat' dir='ltr'><strong>v.</strong></span> <span class='ocrx_word' id='word_1_322' title='bbox 343 4091 382 4149; x_wconf 83' lang='lat'><strong>15</strong></span> <span class='ocrx_word' id='word_1_323' title='bbox 397 4106 465 4170; x_wconf 87' lang='lat' dir='ltr'><strong>sqq.</strong></span> <span class='ocrx_word' id='word_1_324' title='bbox 479 4084 519 4146; x_wconf 92' lang='lat' dir='ltr'><strong>de</strong></span> <span class='ocrx_word' id='word_1_325' title='bbox 534 4079 727 4170; x_wconf 80' lang='grc' dir='ltr'><strong><em>αἰιοοτασίρι</em></strong></span> <span class='ocrx_word' id='word_1_326' title='bbox 742 4084 818 4165; x_wconf 84' lang='lat' dir='ltr'><strong>agit.</strong></span> <span class='ocrx_word' id='word_1_327' title='bbox 861 4081 893 4164; x_wconf 83' lang='lat'><strong>3)</strong></span> <span class='ocrx_word' id='word_1_328' title='bbox 906 4102 1012 4167; x_wconf 82' lang='lat' dir='ltr'><strong>neque</strong></span> <span class='ocrx_word' id='word_1_329' title='bbox 1022 4101 1080 4143; x_wconf 91' lang='lat' dir='ltr'><strong>nos</strong></span> <span class='ocrx_word' id='word_1_330' title='bbox 1090 4075 1150 4142; x_wconf 74' lang='lat' dir='ltr'><strong>h.l·</strong></span> 
     </span>
     <span class='ocr_line' id='line_1_39' title="bbox 117 4178 1149 4271; baseline -0.007 -23"><span class='ocrx_word' id='word_1_331' title='bbox 117 4183 170 4248; x_wconf 91' lang='lat' dir='ltr'><strong>hic</strong></span> <span class='ocrx_word' id='word_1_332' title='bbox 179 4183 327 4262; x_wconf 74' lang='lat' dir='ltr'><strong>vocabuli</strong></span> <span class='ocrx_word' id='word_1_333' title='bbox 338 4178 458 4271; x_wconf 77' lang='grc' dir='ltr'><strong><em>πόρνος</em></strong></span> <span class='ocrx_word' id='word_1_334' title='bbox 470 4204 547 4250; x_wconf 85' lang='lat' dir='ltr'><strong>usus</strong></span> <span class='ocrx_word' id='word_1_335' title='bbox 558 4182 722 4249; x_wconf 83' lang='lat' dir='ltr'><strong>offendere</strong></span> <span class='ocrx_word' id='word_1_336' title='bbox 733 4192 850 4269; x_wconf 84' lang='lat' dir='ltr'><strong>potest,</strong></span> <span class='ocrx_word' id='word_1_337' title='bbox 859 4193 1008 4247; x_wconf 83' lang='lat' dir='ltr'><strong>cumtota</strong></span> <span class='ocrx_word' id='word_1_338' title='bbox 1018 4178 1149 4246; x_wconf 83' lang='lat' dir='ltr'><strong>oretio‘u</strong></span> 
     </span>
    </p>
   </div>
   <div class='ocr_carea' id='block_1_5' title="bbox 0 0 1306 4746">
    <p class='ocr_par' dir='ltr' id='par_1_9' title="bbox 0 0 1306 4746">
     <span class='ocr_line' id='line_1_40' title="bbox 0 0 1306 4746; baseline 0 4"><span class='ocrx_word' id='word_1_339' title='bbox 0 0 1306 4746; x_wconf 95' lang='lat' dir='ltr'><strong> </strong></span> 
     </span>
    </p>
   </div>
  </div>
 </body>
</html>
