2604 4746
398 353 560 431 caeos
587 355 654 429 lv.
690 377 728 431 v.
757 364 814 430 ιι.
1065 367 1139 437 133

56 513 222 598 pharam,
243 527 279 582 ut
290 515 367 584 Lat
380 520 489 587 medat
474 523 536 600 llo,
563 540 652 585 ονιοο
666 521 751 607 qood
763 525 904 585 ιἰιιινιιιιιι
918 530 985 603 αι,
1008 525 1135 609 speciu-

56 618 117 680 tim
138 622 260 682 intebea
280 624 381 684 ααινιι·
400 619 532 725 denetpt
553 619 666 703 Eurip.
670 618 824 711 Jdippol.
840 626 914 686 253
946 623 1044 708 Χρῆν
1065 624 1134 713 peip

56 715 204 802 μετρίας
225 711 276 795 εἰς
295 715 465 797 α’λλήλονς
482 688 602 809 φιλίας
618 717 769 797 deurode
788 717 1045 806 ἀνακίρνασθαι
1060 722 1135 788 Καί

10 814 13 865 t
56 814 105 895 μη·
119 817 209 901 πρὸς
223 815 333 906 ἄκρον
345 818 471 900 μνιλὸν
481 821 591 906 ψυχῆς
607 819 779 907 oportebat
791 827 872 886 eotbt
889 825 1095 889 mediocres
1079 847 1129 891 ue-

56 923 160 1017 tere!
176 929 287 985 mutuo
302 920 469 997 Mortales
482 927 646 986 ανιίιιιίαι
659 922 821 1005 conflare,
843 919 918 984 Nec
936 942 1013 987 vero
1031 945 1130 1010 osque
1190 991 1194 997 ,
1260 928 1263 933 ’

56 994 112 1083 at*
115 1020 268 1086 &imunt
285 1027 384 1104 ανίνιι
381 1024 564 1088 'medullam
578 1019 635 1085 ubi
651 1043 684 1085 v.
712 1022 775 1088 Vel
772 1025 949 1086 ebenurdus.
969 1019 1129 1091 Themiso.

56 1114 147 1180 Orat·
164 1124 220 1185 32.
211 1143 270 1208 ..p
261 1125 363 1188 .357.
382 1116 484 1201 ὀδύνη
504 1122 619 1186 dicitur
634 1117 849 1191 ιλσὸιδνκνῐα
871 1115 920 1191 ιίι
940 1118 1046 1188 αὐτὸν
1064 1144 1130 1190 noo

55 1213 115 1282 τόν
132 1218 266 1301 μνιλὸν
290 1221 349 1300 τῆς
364 1222 483 1310 ψυχῆς.
510 1222 609 1288 Ovid.
632 1220 733 1289 Trist.
750 1230 780 1298 1,
802 1226 834 1289 5.
855 1227 887 1287 9.
924 1221 1031 1288 JIoec
1051 1223 1131 1291 nttt

56 1339 182 1406 reaper
195 1333 294 1389 eruat
304 1329 375 1389 tenir
389 1323 498 1403 tofisa
513 1326 666 1390 medellis.
710 1322 780 1388 Cic.
793 1343 847 1405 ep.
861 1319 902 1384 ad
913 1319 991 1388 Div.
1006 1329 1057 1403 15,
1073 1328 1125 1389 16.

55 1427 83 1484 4.
105 1424 215 1502 dete,
244 1418 388 1510 qotmtdt'
406 1425 574 1492 baeresim
592 1424 744 1491 medullis.
797 1422 911 1486 Sermo
930 1435 980 1488 est
991 1423 1025 1487 b.
1037 1421 1060 1487 1.
1082 1424 1123 1489 de

59 1525 339 1593 comminationum
356 1527 536 1591 divinarum
554 1521 715 1606 efficacia,
737 1521 889 1611 quicquid
904 1521 945 1584 ad
959 1521 1124 1589 bominem

58 1624 208 1706 pertinet,
232 1645 389 1692 summam
401 1612 513 1692 earum
527 1621 705 1690 efficaciam
717 1625 824 1688 sentit.
865 1620 1026 1707 Respexit
1039 1625 1121 1688 scri·

59 1735 186 1807 pterea
200 1747 286 1813 quae
302 1733 334 1808 3,
349 1733 402 1792 17.
423 1734 475 1793 18.
500 1733 550 1791 11.
563 1734 596 1806 4,
613 1729 644 1789 6.
666 1724 833 1811 leguntur,
854 1721 1025 1787 israelitae
1044 1745 1121 1788 con·

61 1835 196 1891 tumaces
211 1825 429 1912 puniebantur
442 1830 568 1908 animo,
590 1847 656 1892 non
669 1823 904 1912 perveniebant
918 1815 968 1898 εἰς
981 1824 1044 1903 τήν
1059 1846 1119 1893 κα·
1203 1852 1208 1869 ·

61 1922 221 1995 remcort
243 1927 306 2013 rapi
326 1929 428 2009 Θεοῦ,
456 1939 488 1992 et
503 1949 659 2012 corpore,
688 1924 732 1991 τοὶ
751 1925 843 1990 κῶλα
867 1921 1120 1991 adverterem

61 2023 89 2091 ἰν
99 2027 141 2115 τῇ
152 2022 291 2118 ἐρήμῳ,
308 2028 397 2093 etad
411 2029 648 2114 depingendam
661 2046 840 2113 poenarum
853 2045 934 2111 quas
948 2022 1041 2089 Deus
1055 2027 1116 2089 mi·

125 2140 209 2192 sest
224 2131 415 2213 gravitatem
428 2129 567 2212 scriptor
581 2131 724 2214 imagine
736 2146 816 2189 usus
833 2135 882 2187 est
898 2147 917 2187 a
934 2123 1045 2210 gladio
1059 2147 1117 2189 an·
1211 2196 1214 2201 ,

102 2227 327 2311 itidemne,
356 2231 412 2315 qui
430 2233 570 2295 animum
590 2244 623 2294 et
646 2249 764 2313 cerpus
783 2235 942 2309 penetrat.
991 2227 1116 2291 Eadem
1177 2306 1180 2313 Ι

59 2327 115 2393 iere
135 2333 248 2417 imago
264 2341 355 2395 extat
367 2329 447 2394 Luc.
459 2338 491 2411 2,
506 2335 559 2395 35.
580 2330 641 2396 σοῦ
654 2330 691 2394 δὲ
713 2324 818 2406 αὐτῆς
839 2324 903 2402 τήν
921 2325 1029 2416 «pigris
1045 2329 1114 2393 διε-

59 2427 200 2497 λεύσεται
217 2428 374 2518 ῥομφαία
390 2431 413 2494 i.
428 2450 458 2492 e.
477 2429 558 2496 Ιιαοο
571 2429 647 2508 fila·
661 2435 715 2496 tut
732 2449 804 2494 sors
824 2429 940 2493 multoe
957 2427 1019 2493 ortt
1030 2449 1113 2514 pro·

57 2532 170 2597 beabit
182 2526 320 2621 ‘doloret
340 2529 398 2595 ubi
417 2551 449 2594 v.
463 2542 530 2594 not.
571 2529 642 2595 Alii
662 2529 765 2595 verba
785 2540 897 2593 nostra
918 2528 1111 2616 explanant:

57 2634 312 2697 comminationes
330 2631 460 2694 divinae
481 2633 644 2707 maximos
661 2631 823 2697 mentibus
843 2631 1002 2694 incutiunt
1019 2631 1110 2696 dolo·

55 2754 97 2796 res
114 2745 148 2797 et
168 2743 325 2797 terrores.
376 2729 427 2795 Ita
442 2752 521 2795 vero
536 2734 632 2796 nimis
653 2745 810 2818 angustus
825 2729 935 2794 verbis
958 2731 1110 2800 tribuitur
1149 2774 1154 2783 ·

55 2853 169 2898 ursus.
193 2828 346 2920 κριτικὸς
360 2829 578 2915 ἐνθυμήσεων
592 2833 652 2896 καὶ
664 2833 795 2899 ἐννοιῶν
808 2829 967 2918 καρδίας]
986 2824 1110 2899 eicon·

54 2935 173 3000 ίαινιαι
185 2942 288 3000 anime·
297 2936 379 2999 male·
387 2940 533 3016 cogitata
546 2944 580 3000 et
595 2938 723 3001 studio:
747 2931 898 3019 νριτικόι·
913 2933 1041 3013 dicitur,
1053 2939 1112 3019 ραι·

53 3036 305 3103 adiudicandum
317 3042 413 3122 aptot
426 3046 476 3101 eet
489 3042 586 3121 atque
599 3037 748 3116 idoneos,
770 3046 813 3114 et,
836 3035 1034 3119 custoditae,
1055 3039 1112 3117 qut

52 3140 241 3202 condemnat.
267 3134 465 3220 Interpretes
480 3147 602 3200 tautum
617 3134 808 3200 non'omnes
823 3132 905 3196 haec
919 3131 1020 3196 verba
1033 3155 1106 3196 cum

52 3236 199 3301 rocabulo
220 3233 336 3319 λόγος,
364 3235 456 3323 quod
470 3239 666 3322 praecessit,
695 3235 865 3322 copulant3
904 3248 937 3299 et
956 3234 1105 3299 Βόλνιίιιι

53 3350 167 3416 uouet,
201 3339 383 3459 recessisse
405 3349 568 3404 auctorem
586 3360 607 3401 a
624 3336 815 3423 metaphora
834 3358 894 3422 per
918 3333 1106 3421 τομώτερος
1213 3404 1222 3421 ,

56 3456 120 3501 κ..τ
137 3436 168 3500 λ.
187 3438 334 3522 incepta,
344 3414 394 3501 'et
408 3436 531 3503 ultimis
546 3459 578 3503 ι.
592 3438 703 3505 verbis
719 3439 883 3524 designari
902 3436 1004 3522 λόγον
1021 3458 1104 3502 com·

54 3543 263 3619 arannem,
296 3531 450 3657 tanquam
474 3561 646 3623 personam
666 3539 707 3604 ad
728 3541 857 3625 penitus
878 3537 1105 3602 excutiendam

55 3638 326 3724 etcoargueudam
341 3640 485 3727 criminis
499 3641 670 3707 veritatem
689 3651 721 3703 et
740 3638 993 3724 magnitudinem
1007 3659 1103 3722 para-

56 3739 386 3827 amatqueidoneam.
433 3739 519 3822 Alii,
541 3744 577 3805 in
589 3743 641 3807 bis
653 3739 863 3821 Abreecbt'ot,
890 3751 1018 3819 notam,
1045 3741 1103 3803 tri·

57 3836 101 3904 bui
110 3843 218 3923 minis,
244 3840 330 3927 quod
344 3838 418 3905 Deo
430 3846 599 3928 proprium
614 3845 679 3922 sit,
688 3844 978 3928 comminationem,
999 3835 1103 3924 λόγον

60 3939 110 4004 dici
125 3941 274 4030 κριτικόν
287 3952 347 4005 etc.
364 3963 429 4007 ιιοιι
447 3942 551 4007 solum
566 3943 672 4029 quoad
684 3942 836 4009 diiudicet
849 3943 986 4009 consilia
1003 3953 1035 4005 et
1047 3962 1101 4004 co·

62 4041 162 4122 pate,
181 4043 374 4136 pravitatem
393 4065 504 4108 eorum
525 4043 687 4127 declaret,
708 4047 884 4110 sedetiam
897 4066 937 4110 ea
949 4041 1102 4110 condem·

65 4153 122 4220 net,
150 4164 186 4206 ae
199 4163 322 4228 poenas
340 4145 464 4229 irroget
485 4165 607 4232 aequas
620 4149 766 4233 ipsorum
778 4124 986 4232 improbitati.
1027 4141 1102 4209 Hae

63 4244 130 4304 'sero
148 4243 423 4330 interpretationes
442 4244 589 4312 duriores
612 4249 771 4313 videntur.
823 4245 982 4336 Equidem
1002 4244 1102 4310 rerba
1227 4289 1229 4293 ,
