2604 4746
368 266 995 410 ῦονονΧῖῐινΛλλιτ.Ι
1089 307 1167 389 em
1265 234 1272 255 ⁴

104 467 170 535 boo
186 462 506 551 sepissimagtnibus
520 461 669 529 distincte
690 466 731 527 rit
745 460 855 529 multis
867 476 900 528 et
915 467 1028 532 variis.
1060 465 1095 554 4)
1111 465 1166 532 etl·
1184 506 1185 511 κ

104 566 176 631 dita
189 586 271 630 voce
292 564 441 650 βέβηλος
455 568 636 631 accuratius
652 566 718 629 vim
734 566 873 630 nominis
888 561 1011 655 πόρνος
1030 564 1167 651 scriptor
1231 608 1234 616 ·
1251 560 1253 564 ⁸

104 668 284 741 constitnit.
327 666 361 751 t)
382 665 460 731 Alie
482 667 578 730 huius
603 666 741 730 nominis
770 667 854 729 ratio
886 677 936 728 est
959 671 1010 746 11,
1030 672 1081 730 31.
1109 666 1166 731 ubi

99 765 241 833 Rehaba
256 762 382 831 solenni
395 769 585 852 cognomine
600 764 777 830 lectoribus
798 776 876 828 noto
892 777 1025 829 vocatur
1046 763 1167 853 ἡπόρ-
1246 836 1251 842 ,

101 890 159 948 νη,
182 878 215 930 et
227 874 278 947 13,
291 875 323 930 4.
344 878 516 930 contextus
528 867 692 930 evidenter
711 866 806 928 docet
827 865 1020 931 vocabulum
1044 864 1168 953 πόρνος

101 967 240 1052 proprio
255 965 438 1055 significatu
454 966 674 1050 accipiendum
689 987 774 1031 esse.
816 967 850 1050 6)
872 967 1004 1030 Esavus-
1018 965 1098 1030 Gen.
1113 971 1164 1045 36,

104 1074 138 1131 2.
160 1065 347 1152 perhibetur
360 1066 498 1131 feminas
509 1063 669 1129 idolorum
685 1063 784 1128 cultui
800 1065 925 1130 deditas
945 1068 979 1129 in
1001 1068 1166 1131 matrimo-

104 1168 196 1232 nium
213 1167 360 1246 duxisse,
382 1178 415 1230 et
427 1168 602 1250 scriptores
618 1163 750 1246 Iudaici,
772 1186 845 1229 eum
861 1168 988 1229 omnino
1004 1166 1166 1231 hominem

107 1266 293 1348 scelestum,
316 1268 463 1351 inprimis
479 1277 586 1329 autem
600 1263 804 1329 idololatriae
821 1266 961 1329 deditum
979 1266 1082 1330 fuisse
1100 1278 1166 1331 tra·
1249 1326 1253 1338 ,

109 1367 189 1432 dunt
209 1389 240 1432 v.
265 1368 421 1433 Weteten.
464 1368 497 1451 7)
519 1364 684 1430 Particule
709 1361 733 1445 ἢ
757 1367 889 1450 saepius
917 1368 1075 1428 connectit
1096 1367 1166 1431 fere

108 1488 287 1549 synonyma
306 1467 372 1533 vid.
393 1479 459 1531 not.
483 1466 528 1529 ad.
543 1474 575 1548 2,
598 1471 630 1530 6.
672 1465 785 1551 ltaque
808 1462 932 1550 πόρνος
950 1464 982 1527 h.
1002 1463 1026 1530 l.
1051 1467 1166 1532 dicitur
1222 1466 1225 1472 ’

106 1568 315 1648 christianus,
337 1570 391 1652 qui
413 1590 433 1631 a
448 1566 608 1650 religione
630 1566 804 1631 christiana
818 1564 938 1654 deficit,
961 1587 1055 1651 quam
1076 1567 1165 1631 dofe-

107 1670 248 1731 etionem
272 1680 384 1731 noster
407 1666 587 1730 aliusdicit
610 1665 824 1730 deiectionem
848 1689 868 1729 a
892 1663 966 1729 Deo
989 1685 1074 1749 vero¹
1088 1688 1120 1730 v.
1134 1675 1165 1749 3,

109 1774 161 1833 12.
182 1766 331 1849 βέβηλος
346 1767 462 1851 qlieitnr
476 1765 572 1829 homo
588 1767 756 1851 profanus,
777 1765 975 1845 levissimus,
997 1765 1167 1852 religionis

108 1889 145 1931 ae
163 1887 326 1940 sacrorum
341 1869 531 1948 contemtor,
551 1868 604 1930 eui
619 1866 700 1930 nihil
718 1878 767 1930 est
789 1877 934 1930 sanctum
945 1878 989 1929 ‚ut
1004 1872 1020 1929 1
1036 1864 1122 1931 Tim.
1137 1873 1167 1945 1,
1246 1932 1249 1937 ,

111 1973 142 2031 9.
163 1965 221 2029 nbi
237 1965 426 2050 copulantur
440 1965 575 2043 α’νόσιος
588 1979 621 2031 et
635 1967 789 2051 βέβηλος.
831 1965 954 2030 Eodem
980 1987 1076 2029 sensu
1100 1964 1167 2030 An·

110 2066 236 2129 tiochus
262 2073 280 2130 3
303 2066 408 2131 Maec.
432 2072 464 2147 2,
488 2074 538 2131 14.
567 2080 768 2153 nuncupetur
795 2065 948 2150 βέβηλος.
997 2063 1105 2128 Schol.
1128 2067 1168 2129 ad

113 2165 212 2250 Soph.
239 2164 320 2230 Oed.
343 2164 415 2230 Col.
440 2186 471 2229 v.
496 2174 546 2232 10.
567 2167 715 2252 βέβηλος
731 2165 831 2253 οἷνὴρ,
851 2161 1018 2249 ὁμιαρός.
1060 2165 1169 2250 Hesy-

113 2267 220 2330 chius:
242 2267 402 2350 βέβηλον,
423 2267 462 2332 τό
477 2265 525 2350 μή
542 2266 635 2355 ἱερόν
650 2268 707 2331 καὶ
724 2264 849 2331 deson.
892 2264 1021 2329 Esavns
1035 2279 1169 2330 vocatur

110 2367 266 2452 βέβηλος,
288 2369 364 2453 quia
381 2368 526 2432 vendidit
548 2366 843 2451 primogenituram,
865 2367 957 2430 cuius
981 2386 1099 2449 magna
1121 2368 1170 2430 di-
1246 2366 1249 2371 ’

112 2470 228 2553 gaitae,
251 2489 368 2551 magna
381 2469 453 2530 iura
476 2470 568 2530 orant
588 2466 808 2557 (primogeniti
827 2466 932 2551 petris
947 2476 1119 2549 personam
1136 2470 1170 2533 in

112 2567 235 2632 familia
253 2566 449 2646 referebant,
476 2567 637 2653 duplicem
648 2566 746 2651 porti.
793 2562 816 2573 ”
840 2564 1002 2631 meorum
1021 2578 1171 2650 paterno·

111 2691 182 2732 rum
195 2668 397 2753 accipiebant
411 2689 443 2730 v.
461 2666 542 2732 Gen.
556 2674 608 2747 25,
620 2673 671 2731 20.
692 2670 754 2747 27,Ι
802 2664 898 2737 .‚Ex.
915 2672 966 2746 12,
982 2668 1036 2728 24.
1058 2673 1078 2729 2
1093 2665 1170 2730 Chr.

113 2778 165 2851 21,
183 2775 214 2834 3.
238 2769 320 2833 Gen.
335 2775 388 2848 25,
403 2775 455 2832 22.
477 2766 575 2831 Dent.
591 2774 643 2847 22,
661 2770 712 2831 17.
725 2766 768 2831 of.
783 2764 955 2833 mitade
969 2766 1053 2829 Mon
1067 2767 1172 2831 Recto

113 2871 176 2937 Th.
192 2877 228 2935 2..
242 2872 271 2946 §.
290 2875 341 2934 79.
359 2876 410 2934 84.
431 2867 545 2932 Inbm'e‘
555 2867 630 2932 bttl.
644 2852 881 2949 Arcboeologe‘e
896 2869 926 2932 d·
943 2863 1044 2930 Hebr.
1062 2863 1123 2929 Th.
1140 2873 1170 2929 1.

115 2973 154 3037 Β.
169 2979 200 3035 2.
215 2994 248 3055 p.
263 2974 324 3033 282
338 2970 400 3057 sq.)
416 2990 496 3055 quae
518 2969 661 3052 ingente
675 2965 936 3030 Abrahamicum
950 2967 1171 3048 promissioni·

113 3074 174 3138 bus
189 3071 307 3134 divinis
333 3072 503 3134 coniuncta
523 3079 602 3130 erat.
623 3066 703 3151 μιᾶς
727 3061 879 3150 βρώσεως
901 3062 1064 3146 emphasis
1086 3066 1172 3129 inest

112 3169 272 3239 vocabulo
287 3171 378 3252 μιᾶς,
398 3190 497 3232 unum
513 3165 619 3230 cibmn
633 3163 733 3228 semel
746 3163 951 3241 vescendum,
973 3161 1065 3226 brevi
1078 3164 1172 3247 oble.
1294 3220 1297 3234 ι

113 3260 281 3351 ctnturum,
304 3291 375 3333 cum
387 3271 510 3331 iactura
523 3269 572 3330 rei
585 3265 644 3329 illo
661 3262 732 3331 cibo
749 3272 852 3326 emtee
867 3274 1025 3347 perpetua
1039 3264 1123 3349 foret
1140 3280 1173 3332 et

113 3375 236 3464 gravis.
259 3369 303 3435 τοὶ
318 3365 528 3454 πρωτοτόκια
543 3373 618 3431 toro
635 3372 668 3428 et
677 3365 852 3450 privilegio
874 3371 1083 3448 primogenite·
1086 3390 1097 3442 ;
1115 3389 1174 3433 re.

112 3477 238 3563 peritur
260 3471 322 3534 hoc
347 3467 539 3532 vocabulum
566 3475 688 3528 tantum
713 3466 749 3527 in
773 3465 924 3526 versione
947 3462 1174 3533 Alexandrina
1217 3452 1226 3475 ‘

115 3574 508 3650 ommmemm.
1070 3566 1169 3647 ς’

203 3677 254 3737 17.
276 3664 439 3754 Exemplo
460 3666 562 3730 Esavi
588 3661 683 3728 docet
710 3663 867 3748 scriptor,
896 3662 1102 3751 christianos³
1118 3669 1174 3756 qui

115 3785 251 3865 propter
275 3769 442 3834 commoda
467 3779 605 3844 terrena,
631 3761 745 3845 exilia,
767 3765 888 3828 caduea
915 3777 947 3828 et
968 3762 1080 3830 brevia
1096 3767 1174 3830 reli·

116 3879 248 3963 gionem
258 3869 379 3935 Christi
394 3879 593 3952 spernerent,
603 3864 643 3929 ab
660 3884 762 3950 eaque
779 3865 1006 3944 desciscerent,
1015 3868 1174 3951 irrepara-

116 3976 184 4042 bile
203 3975 351 4039 damnum
365 3968 428 4031 sibi
442 3965 643 4042 contrahere,
652 3985 710 4026 eos
721 3983 785 4027 non
798 3984 896 4048 posse
913 3968 1066 4051 consequi
1079 3989 1173 4051 pree·

117 4079 195 4154 mie,
213 4070 328 4160 quibus
346 4064 466 4131 Christi
482 4064 635 4142 cultores,
656 4060 735 4127 fidei
758 4068 936 4129 constantia
956 4068 1121 4150 conspicui
1138 4071 1174 4134 in

113 4162 224 4243 'altere
238 4173 304 4237 vite
318 4180 479 4248 ornentur,
496 4173 546 4248 10,
568 4170 608 4232 25
624 4185 694 4252 sqq.
716 4184 776 4229 aec
790 4162 934 4329 Esuqqm
948 4168 1020 4231 iura
1038 4179 1071 4231 et
1085 4190 1173 4235 com·

429 4287 432 4294 ·
688 4270 691 4277 ’
905 4264 927 4329 h
