2632 4740
453 279 618 358 Canon
650 285 704 358 11.
736 309 773 362 v.
800 293 835 362 5.
859 293 894 362 6.
1092 312 1095 319 ¹
1143 280 1200 369 ,55

146 441 228 511 icccc
238 449 273 511 ia
284 430 588 532 deiciioucg'csticrs
599 459 713 518 terrae
727 456 882 518 unicuivis
892 455 1013 541 popvlo
1033 459 1199 521 constituit

144 545 354 630 praefectos,
375 549 549 635 scdporiio
562 549 664 616 icccc
673 549 866 618 Icrocladd.
879 550 1004 637 nans,
1012 559 1063 620 17.
1086 561 1198 637 10,13.

148 651 253 711 2021.
275 652 375 728 12,1.
398 649 475 733 περὶ
489 640 530 728 ἧς
544 649 710 734 λαλοῦμεν
723 650 867 733 additur,
888 664 924 718 ut
945 658 1127 721 accuratius
1140 656 1196 721 da·
1276 690 1279 695 ·

147 745 264 814 liniatur
281 753 336 813 vis
355 760 389 814 ct
404 761 549 835 potestas
567 748 725 815 formulae
744 751 807 833 τήν
824 746 1022 842 οἰκουμένην
1039 752 1103 838 τήν
1116 756 1196 843 μὲλ-

147 847 270 915 λονσαν.
1263 894 1270 916 .

217 955 249 1014 6.
270 946 499 1014 Affirmaverat
516 950 654 1037 scriptor
672 948 737 1031 τήν
754 943 956 1040 οἰκουμένην
972 953 1037 1037 τήν
1054 957 1196 1046 μέλλον·
1241 1017 1245 1027 .

146 1070 200 1116 ccv
214 1071 281 1114 uon
300 1070 375 1113 esso
397 1048 575 1115 subiectam
595 1051 731 1138 angelis.
774 1051 908 1123 Lacuna
928 1053 1056 1122 laborat
1077 1060 1195 1140 oratio,
1241 1070 1244 1075 '

145 1152 183 1215 ita
198 1151 417 1218 resarcienda:
447 1152 506 1215 sed
525 1149 656 1217 Christo
671 1173 742 1216 earn
753 1149 846 1216 Deus
865 1152 1011 1220 subiecit.
1053 1155 1146 1222 Haec
1158 1181 1193 1223 e·

146 1243 291 1314 nuntiatio
312 1271 491 1336 suppressa
511 1251 546 1314 in
565 1253 639 1338 ipsa
656 1249 850 1336 probatione
868 1255 1064 1345 continetur,
1087 1270 1120 1322 et
1138 1278 1193 1323 oo·

145 1349 462 1417 haerentiahaecestt
484 1350 544 1416 sed
555 1363 592 1415 ut
603 1352 685 1441 ipsis
699 1354 878 1437 scripturae
888 1354 1093 1421 verbisutar:
1115 1358 1194 1445 quid

146 1451 293 1516 esthemo
306 1463 367 1516 etc.
392 1450 460 1514 .lta
472 1462 578 1516 autem
599 1454 755 1517 orationis
772 1451 865 1518 filum
882 1456 998 1519 nexuit
1016 1467 1137 1537 noster,
1159 1470 1192 1523 et

144 1547 239 1614 locum
249 1550 304 1616 Ps.
317 1558 347 1616 8.
360 1547 519 1633 laudavit,
539 1564 575 1615 ut
588 1550 685 1616 simul
698 1573 833 1638 prorsus
851 1552 990 1618 dilueret
1011 1574 1057 1616 ex
1075 1556 1192 1622 animis

90 1642 92 1675 ³
144 1649 288 1715 lectorum
302 1651 541 1717 ‘dubitationem
560 1674 686 1717 omnem
703 1653 744 1718 de
762 1651 893 1719 Christo
906 1653 1033 1740 angelis
1056 1658 1191 1740 maiore,

144 1753 207 1816 inde
221 1764 343 1835 natam,
373 1751 459 1839 quod
476 1752 623 1818 mortalis
642 1754 764 1836 factus,
793 1767 826 1819 ot
845 1765 980 1818 mortem
996 1753 1148 1838 subierit,
1170 1780 1193 1823 a
1281 1807 1285 1822 .

144 1851 398 1939 qna-angelorum
413 1863 528 1916 natura
546 1855 697 1920 immunis
714 1857 766 1919 sit.
810 1854 1074 1920 Acoommodavit
1090 1858 1192 1943 igitur

143 1951 215 2017 bunc
230 1951 394 2018 Psalmum
411 1951 558 2036 Christo,
587 1978 650 2043 qno
668 1955 836 2042 probaret,
860 1975 949 2035 cum,
976 1959 1039 2022 atsi
1063 1958 1190 2042 angelis

92 2070 98 2087 “
143 2056 347 2141 superiorem,
368 2055 452 2118 mori
471 2052 636 2137 debuisse,
659 2078 699 2121 eo
723 2067 830 2119 antem
848 2075 914 2118 non
931 2056 1078 2120 imminui
1095 2055 1190 2122 Chri·

143 2157 176 2220 sti
196 2157 433 2237 anctoritatem,
462 2174 536 2221 nam
555 2167 660 2220 morto
683 2174 863 2240 perpessa,
886 2175 960 2220 oum
984 2157 1190 2221 constitutum

141 2276 204 2319 esse
223 2256 353 2341 generis
371 2255 504 2322 humani
525 2269 558 2322 et
579 2255 768 2343 angelorum
786 2255 816 2341 (1
830 2253 916 2356 Patr.
931 2259 962 2334 3,
978 2259 1030 2317 22.
1058 2253 1142 2342 Eph3
1159 2260 1189 2335 1,

142 2361 175 2420 20
192 2357 251 2443 sq.)
270 2355 451 2439 dominum,
472 2358 659 2446 insignique
679 2357 849 2422 maiestate
870 2365 1016 2417 ornatum
1033 2374 1065 2417 v.
1085 2361 1116 2420 9.
1137 2361 1188 2419 10.
1304 2392 1307 2400 ,

141 2451 289 2520 Laudavit
306 2467 415 2521 antem
434 2459 573 2543 scriptor
596 2456 682 2522 bunc
704 2457 908 2543 potissimum
926 2451 1050 2518 Psalmi
1070 2453 1188 2534 locum,

141 2555 178 2620 ita
188 2567 221 2618 nt
237 2555 339 2620 verba
354 2558 516 2622 versionis
527 2555 773 2623 Alexandrinae
793 2565 969 2642 repeterem
992 2556 1068 2640 quia
1080 2553 1189 2640 angeli

141 2653 180 2718 ibi
189 2668 491 2742 commemorantur,
514 2672 546 2723 et
566 2653 765 2744 ἀνθρώπου,
787 2656 859 2723 οἱοῦ
877 2652 1063 2741 ἀνθρώπου
1082 2656 1210 2740 digni.

140 2766 181 2819 tas
194 2767 287 2841 utque
299 2760 497 2841 praestantia
507 2758 723 2844 praeditatur,
746 2779 862 2844 neque,
881 2767 917 2819 nt
935 2751 1106 2842 probabile
1128 2766 1188 2834 est,

140 2856 322 2938 1111111ῐί111ιὶ1,
338 2858 455 2943 quibus
471 2857 553 2924 baec
566 2856 705 2944 epistola
716 2858 838 2943 scripta
856 2867 944 2936 erat,
969 2852 1109 2932 latebat,
1135 2852 1188 2916 le-

140 2977 215 3039 sum,
236 2957 313 3020 dum
325 2957 377 3021 bis
395 2959 430 3021 in
450 2959 547 3022 terris
565 2967 768 3035 versaretur,
789 2977 826 3020 se
839 2956 1024 3020 nominasse
1037 2950 1112 3018 νὶὀν
1129 2952 1189 3018 τοῦ
1233 2973 1237 2977 ’

138 3053 313 3145 ἀνθρώπου
331 3057 448 3123 Matth.
468 3064 500 3141 8,
521 3063 573 3122 20.
607 3054 665 3119 ubi
682 3077 714 3122 v.
738 3069 803 3121 not.
821 3055 925 3141 Apoc.
943 3056 973 3135 1,
994 3059 1045 3117 13.
1072 3046 1189 3137 ὅμοιος

136 3154 189 3247 υἱῷ
198 3153 382 3245 ἀνθρώπου
392 3156 726 3239 111)1ν.111“ολλοννι’νι,
742 3163 757 3221 1
773 3157 859 3222 Tim.
874 3163 905 3237 2,
920 3161 950 3222 5.
964 3140 1014 3227 εἷς
1026 3151 1083 3215 καὶ
1093 3145 1187 3236 μεσί-

135 3281 189 3339 της
202 3258 285 3325 Θεοῦ
296 3258 355 3322 καὶ
369 3253 572 3344 ἀνθρώπων,
584 3253 770 3344 ἄνθρωπος
784 3256 905 3335 Ἰησοῦς
921 3247 1084 3338 Χριστός,
1096 3263 1129 3316 et
1145 3273 1186 3351 eo
1237 3263 1239 3269 ⁴

135 3357 565 3444 aptiusbnnoPsalmilocum
574 3355 728 3439 laudavit,
738 3354 957 3444 quodIudaeis
966 3353 1048 3439 ipis
1059 3351 1118 3417 illa
1130 3373 1186 3416 ae·

134 3471 192 3525 tato
203 3462 322 3531 usitata
335 3471 406 3522 erat
419 3455 597 3544 allegorica
608 3458 704 3524 buius
717 3459 869 3523 carminis
887 3456 927 3519 de
940 3451 1067 3518 Massia
1083 3457 1185 3523 inter·

132 3563 277 3646 pretati03
291 3562 326 3624 id
334 3559 500 3646 quodipsa
507 3557 613 3623 locum
620 3558 784 3646 allegandi
791 3559 875 3622 ratio
883 3555 989 3621 docet:
1002 3555 1082 3617 satis
1090 3564 1186 3617 notus

132 3661 219 3727 v'obis
229 3675 261 3726 et
270 3659 337 3726 fide
353 3660 470 3746 dignus
480 3673 586 3740 vates,
599 3658 673 3725 loco'
689 3659 776 3744 apud
784 3678 896 3723 omnes
908 3652 1112 3741 pervulgato,
1123 3651 1184 3714 bo·

129 3765 203 3827 mini
211 3761 368 3848 (Christo)
378 3782 535 3824 summam
544 3761 721 3826 vindicavit
731 3769 940 3845 potestatem
954 3757 1054 3819 etiam
1062 3750 1184 3818 Paulus

131 3871 144 3929 1
159 3862 235 3929 Cor.
247 3867 300 3941 15,
314 3865 367 3926 27.
381 3855 478 3946 'Epa
496 3867 524 3936 1,
536 3866 588 3926 22.
608 3861 694 3925 hunc
706 3857 813 3923 locum
834 3855 925 3921 nulla
938 3853 1080 3919 auctoris
1094 3871 1184 3914 men·

125 3965 212 4029 tione
228 3962 325 4043 facta,
346 3961 502 4026 laudavit.
535 3959 781 4047 Argumentatio
796 3971 903 4023 antem
918 3952 1087 4039 scriptoris
1101 3950 1185 4014 baec

125 4076 189 4130 est:
211 4062 315 4128 verba
333 4060 393 4126 illa
411 4057 550 4125 Psalmi:
571 4060 695 4124 homini
716 4056 884 4123 subiecisti
909 4057 1033 4135 omnia,
1060 4052 1090 4115 si
1108 4070 1184 4136 pre·

121 4177 265 4244 muntur,
288 4163 327 4228 de
336 4163 468 4227 bomine
481 4163 598 4250 quovis
611 4181 638 4224 s.
652 4159 693 4224 dc
708 4180 828 4249 genere
839 4156 981 4224 humano
997 4151 1101 4239 accipi
1112 4146 1184 4214 nul-
