2632 4740
459 306 628 384 Carnu
660 309 729 383 vl.
755 330 797 384 v.
824 316 859 382 1.
1122 321 1195 390 179
1275 372 1277 377 .

121 472 291 557 segnitiem
313 482 347 533 et
366 473 585 557 ignorantiam
606 476 724 539 acriter
744 471 997 558 reprehenderat
1011 479 1043 555 5,
1066 483 1104 541 11
1121 497 1191 564 sqq.

125 583 154 634 et
167 570 348 637 declararet
365 595 401 638 se
417 574 507 638 nolle
530 577 637 659 prima
653 573 823 659 religionis
846 573 1008 648 elementa
1029 589 1190 661 repetere,
1261 572 1263 579 ’

128 672 177 735 sed
190 670 286 737 -uelle
309 672 487 740 adultiora
509 676 664 762 progredi
677 679 709 756 6,
723 680 805 741 1-3.
849 673 918 739 Iam
934 677 1107 760 cogitando
1126 674 1190 741 hoc
1248 694 1250 701 ·

132 771 377 858 supplementum
396 774 614 843 adiiciendum
638 787 703 841 est:
730 776 913 841 renuntiate
937 776 1094 857 inertiae,
1116 776 1188 862 ple-
1260 793 1262 798 ·

134 892 191 936 narn
205 886 452 960 accuratamqne
474 876 645 962 religionis
667 879 885 962 cognitionem
904 872 1006 941 vobis
1020 899 1188 963 compara-

136 982 168 1050 te,
184 994 221 1036 ne
234 969 425 1059 areligione
439 977 610 1043 deficiatis.
654 977 823 1064 Sequitur:
844 999 920 1042 nam
939 977 998 1064 qui
1015 975 1187 1064 religionis

138 1068 191 1136 luca
208 1072 390 1138 collustrati
407 1090 493 1159 sunt,
518 1088 551 1141 et
566 1078 607 1144 ab
623 1102 665 1143 ea
681 1076 845 1160 deficiunt,
868 1078 909 1142 ad
925 1075 1098 1142 meliorem
1116 1076 1185 1140 fro·

139 1192 192 1257 gen
205 1176 355 1240 revocari
368 1197 432 1242 non
446 1190 594 1263 possunt,
617 1192 649 1244 et
663 1182 789 1266 poenas
811 1178 901 1244 luent
926 1179 1140 1263 gravissimas
1152 1199 1184 1242 v·

100 1346 103 1359 Ι
139 1281 196 1338 to.
236 1275 415 1355 Continent
429 1298 507 1362 ergo
524 1278 686 1343 hiversus
705 1280 907 1364 severiorem
932 1279 1185 1344 admonitionem

100 1376 102 1381 '
138 1374 166 1436 ad
176 1378 381 1442 constantiam
396 1389 429 1441 et
442 1381 731 1461 perseverantiam,
753 1390 849 1467 atque
866 1380 971 1443 oratio
991 1381 1038 1443 ita
1054 1399 1184 1465 compo·
1257 1398 1261 1403 ·

119 1477 250 1561 'sitaest
272 1489 308 1540 ut
321 1480 507 1562 graviorum
522 1478 699 1544 verborum
721 1478 849 1543 delectu
870 1479 937 1542 vim
956 1479 1067 1543 verbis
1090 1479 1184 1544 addi·

100 1564 110 1581 ’
138 1574 199 1641 derit
220 1581 369 1664 scriptor,
389 1589 422 1642 et
444 1584 644 1645 atrocitatem
665 1579 810 1644 criminis
833 1591 866 1643 et
887 1598 1014 1664 poenae
1038 1581 1182 1663 gravita-

100 1704 104 1715 ·
136 1685 191 1758 ten,
211 1681 400 1766 exitumque
415 1679 580 1746 funestum
594 1680 800 1746 ostenderit..
825 1678 981 1743 Excitare
1001 1678 1107 1742 voluit
1119 1679 1181 1744 hac

135 1778 328 1844 amonicione
351 1780 512 1866 epistolae
538 1784 687 1848 conditor
710 1801 776 1845 uon
792 1790 916 1844 tantum
934 1779 1046 1845 tardos
1068 1766 1182 1852 addi-

134 1881 265 1946 scendum
281 1893 313 1945 et
326 1902 384 1945 eos
402 1883 457 1969 qui
471 1904 555 1969 quaa
570 1894 785 1969 perceperant
797 1880 868 1944 fere
890 1878 1123 1963 dedidicerant,
1144 1896 1182 1947 ut

106 2015 112 2025 ·
133 1998 208 2045 sures
220 1979 415 2065 praeberent
429 1983 615 2063 doctoribus
633 1988 683 2063 13,
698 1982 763 2062 tn,
788 1991 970 2046 conventus
985 1979 1180 2046 christiano·

132 2082 436 2168 mnfreqnentarent
452 2089 502 2163 to,
518 2085 582 2165 25„
603 2086 638 2147 in
652 2082 822 2167 religionis
838 2080 1022 2168 cognitione
1040 2080 1180 2165 profice*

131 2194 193 2264 rent
213 2203 254 2246 ne
271 2181 458 2264 deficerent,
481 2183 539 2247 sed
552 2176 649 2248 simul
667 2185 764 2246 etiam
785 2181 980 2245 christianos
999 2181 1178 2265 perfectio-

131 2303 179 2364 res,
198 2296 232 2347 ut
251 2282 434 2369 pleniorem
455 2294 487 2349 et
506 2285 742 2349 accuratiorem
766 2276 986 2367 cognitionem
1011 2280 1177 2346 doctrinae
1300 2287 1303 2293 ’

132 2381 235 2449 Christi
253 2383 318 2448 sibi
336 2398 572 2471 compararent,
594 2400 730 2471 eamque
754 2381 1015 2447 constantissime
1043 2380 1178 2465 profite-
1274 2444 1278 2451 ,

130 2499 229 2551 auur.
258 2481 443 2571 ἀδύνατον]
465 2487 553 2573 quod
573 2487 726 2553 cohaeret
748 2505 821 2548 cum
840 2480 951 2547 verbis
971 2498 1004 2544 v.
1019 2486 1050 2546 6.
1074 2480 1178 2550 atto

130 2581 312 2668 Ιγκαινίζειν
325 2581 375 2662 εἰς
386 2586 570 2670 μετάνοιαν
581 2585 713 2673 proprie
729 2595 820 2649 notat
831 2587 867 2650 r'd
879 2586 963 2669 qaod
975 2590 1099 2648 mnino
1107 2583 1178 2662 fie-

129 2692 261 2775 n'aequr‘t
275 2698 311 2750 ut
324 2686 411 2752 infra
424 2710 457 2753 v.
472 2690 523 2754 18.
545 2688 662 2753 deinde
679 2689 763 2773 qood
774 2689 867 2768 longe
883 2682 1102 2763 difficillimam
1115 2695 1176 2761 ert,

129 2791 171 2852 cic
184 2789 271 2866 fiere·
285 2801 413 2874 potest,
436 2785 523 2877 quod
546 2784 628 2852 adeo
652 2780 784 2850 difficile
804 2797 864 2866 est,
885 2794 922 2847 nt
941 2777 1176 2868 propemodum

128 2886 160 2948 tit
169 2888 380 2976 impossibile,
401 2902 437 2954 ut
452 2890 485 2954 h.
499 2887 524 2953 l.
536 2888 633 2952 Prov.
648 2885 766 2966 30,18.
789 2882 867 2969 τρία
880 2884 916 2949 δὲ
938 2883 1030 2948 ἐστὶν
1049 2879 1177 2949 octoa-

128 2984 161 3050 τά
171 3013 224 3074 μοι
238 2989 371 3071 νοῆσαι,
388 2988 504 3074 (Heln.
520 2980 616 3081 ethni)
632 2986 689 3051 ubi
703 2985 867 3072 Vulgatus
883 2978 1174 3067 interpres'ver'tit:

128 3089 253 3168 afficitis
274 3092 360 3158 midai
382 3088 498 3155 Matth.
515 3095 565 3170 19,
583 3093 635 3152 26.
654 3086 712 3150 ubi
735 3083 907 3154 ἀδύνατον
928 3082 1103 3167 respondet
1127 3085 1176 3172 τῷ

128 3187 275 3268 δυσκόλως
286 3213 397 3275 aegre,
418 3190 604 3271 dfflwlter·
627 3188 766 3252 Luciam
787 3185 866 3252 dial.
884 3184 974 3249 deor·
992 3187 1022 3246 8.
1037 3192 1121 3245 extr·
1140 3204 1172 3265 pr
1234 3210 1236 3215 ·

127 3291 182 3357 tto.
206 3289 358 3359 ἀδύνατα
378 3284 692 3365 αἰτεῖς-ἀδυνάτων
709 3287 796 3376 ἐρᾷς.
824 3287 943 3350 videt
966 3281 1176 3348 Schleoraerr'

127 3383 191 3456 lan
204 3393 236 3456 h.
253 3415 286 3457 v.
304 3392 346 3457 cl.
366 3392 509 3457 Clericus
528 3384 570 3454 ad
584 3390 816 3455 Hammondonr
829 3408 862 3471 p.
881 3377 955 3450 220.
968 3381 1001 3447 b.
1022 3375 1172 3449 Doeder-

126 3486 197 3559 loco
211 3492 319 3559 Instlt.
338 3490 456 3556 Theol·
479 3491 589 3554 christ.
614 3493 644 3568 5.
667 3488 740 3561 324.
764 3483 847 3552 obs.
864 3493 896 3549 2.
925 3484 1049 3549 Sensus
1072 3483 1173 3568 igitur

126 3603 172 3657 cst:
191 3597 247 3683 qui
262 3592 495 3681 φωτισθέντες
506 3612 534 3655 κ.
551 3614 580 3656 τ.
594 3591 623 3655 λ.
646 3582 770 3654 Christi
788 3589 883 3674 sigua
903 3581 1066 3664 deserunt,
1088 3582 1172 3647 diffi-

125 3692 206 3761 enter
224 3694 266 3761 ad
283 3692 453 3760 meliorem
472 3688 600 3776 [rugam
616 3691 762 3768 redeunt,
786 3694 859 3752 cum
879 3698 970 3750 tanta
989 3686 1032 3748 sit
1052 3684 1171 3761 mentis

125 3803 217 3862 torum
236 3808 271 3861 et
291 3793 468 3860 voluntatis
486 3791 698 3878 perversitas·
720 3785 795 3862 corle
813 3781 906 3864 ἅπαξ
920 3780 1172 3877 φωτισθέντας]
1270 3812 1273 3819 -

123 3903 165 3974 lto·
179 3898 280 3963 remei
295 3893 468 3981 religionis
494 3891 692 3957 christianae
720 3893 837 3955 lamine
866 3889 1051 3955 collustrati
1075 3892 1170 3949 root:
1199 3906 1203 3915 ¹

122 3987 198 4074 ἅπαξ
215 3995 292 4063 seo
307 3994 498 4072 schardius,
525 3991 675 4071 Wolfica
697 3990 845 4063 Classius
865 4009 899 4074 p.
923 3990 996 4054 390.
1022 3976 1172 4048 scilen-

120 4106 202 4163 ⁸tm
215 4095 249 4161 in
263 4088 351 4162 Lex·
366 4108 400 4161 et
417 4092 707 4160 Bretcchaerilerot
728 4092 764 4154 in
781 4089 868 4154 Lex.
891 4086 982 4151 Man.
1004 4083 1172 4169 explicant

117 4194 212 4279 alm,
231 4217 322 4279 cara
340 4197 502 4284 perfecte.
528 4192 665 4267 Suidass
688 4186 794 4272 ἅπαξ,
818 4185 955 4270 διόλου,
974 4181 1174 4273 ὁλοσχερῶς,

848 4286 885 4351 Μ
900 4295 919 4351 2
982 4316 985 4323 ·
