2632 4740
222 316 272 419 pt
479 303 640 381 Crrnr
666 238 743 378 llll.
774 296 814 380 υ.
840 309 874 377 3.
900 314 935 377 t.
964 303 1001 379 5.

219 474 315 551 socii,
337 469 378 532 ad
389 489 488 556 quam
498 470 597 533 etiam
609 467 720 533 famuli
732 471 907 552 pertinent,
930 468 1017 534 nullo
1033 479 1189 557 excepto,
1211 470 1276 533 non

152 600 160 637 .·
209 585 345 638 tantum
359 568 401 634 ob
420 568 527 634 locum
541 568 636 633 Num.
652 575 702 649 12,
716 573 747 633 7.
763 568 820 634 uhi
836 569 954 656 legitur
975 559 1080 652 οἶκος,
1099 569 1159 634 sed
1177 570 1277 634 etiam

218 668 531 758 adamplificandam
544 671 783 756 augendamque
799 669 875 734 lesu
887 670 1074 756 dignitatem
1087 681 1120 735 et
1132 669 1275 733 anctori-

222 785 330 837 tatem.
351 770 522 835 Caeterum
541 769 687 850 Wolfiuc
703 771 857 850 Ferreus,
870 771 1101 852 Hermetem,
1114 792 1276 854 praeeun-

194 885 254 938 te
273 869 415 956 Vulgato
442 859 635 954 interprete,
664 870 720 954 qui
743 867 928 934 Genitivum
952 869 1046 936 οἴκου
1064 871 1221 951 retinuit,
1243 881 1277 934 ot

223 972 322 1037 verba
344 968 495 1034 reddidit:
521 980 639 1054 quanto
660 962 841 1055 ampliorem
867 968 1015 1036 docorem
1035 969 1131 1036 habet
1152 972 1275 1051 domur,

222 1070 467 1161 puifcbricaoit
481 1072 577 1149 tilam,
598 1071 790 1133 contendunt
801 1090 915 1134 vocem
934 1070 1028 1136 οἴκου
1045 1090 1110 1134 non
1130 1072 1275 1155 pendero

107 1208 110 1219 ‚
194 1194 197 1198 ·
222 1196 242 1237 a
255 1194 327 1237 voc.
339 1165 476 1234 πλείονα
488 1169 546 1232 sed
562 1190 582 1230 a
594 1188 666 1233 voc.
681 1166 794 1254 τιμήν,
804 1181 837 1234 et
851 1169 951 1234 verba
962 1181 1103 1234 vertunt:
1125 1178 1276 1236 macore!

215 1293 302 1362 prae
315 1275 387 1337 σῖιῖτ
400 1277 435 1335 ἴα
445 1271 533 1335 domo
548 1289 575 1332 τ.
588 1291 634 1334 τα
653 1272 743 1336 domo
759 1271 905 1335 honorem
922 1270 1027 1352 dubet,
1048 1271 1229 1355 principem
1242 1271 1275 1332 in

219 1375 315 1438 domo
335 1368 441 1434 locum
455 1380 552 1448 tenet,
575 1374 631 1454 ουτ·
645 1390 717 1434 eam
730 1372 880 1436 condidit.
924 1371 989 1434 Sed
1006 1372 1117 1434 durior
1131 1381 1184 1434 ost
1196 1371 1274 1434 haec

143 1489 146 1496 ’
220 1472 393 1536 verborum
415 1469 652 1553 interpretatio,
682 1469 883 1535 desideratur
904 1468 1088 1556 exemplum
1108 1469 1207 1534 huius
1224 1468 1272 1534 lo·

221 1573 340 1660 quendi
354 1571 488 1634 rationis
508 1567 625 1649 simile,
648 1572 769 1654 etipse
790 1573 939 1654 scriptor,
961 1592 1002 1632 ue
1020 1569 1161 1635 lectores
1176 1568 1306 1634 verbu

220 1676 266 1735 ita
281 1681 511 1750 construerent,
532 1665 692 1743 uerbum’'
675 1694 742 1756 εχει
756 1672 978 1771 anteposuisse
992 1671 1118 1735 videtur
1129 1673 1204 1735 voci
1217 1662 1273 1737 coti
1300 1652 1306 1741 i

220 1775 323 1843 οἴκου.
1300 1824 1306 1871 ‚¹

142 1865 145 1870 ’
302 1882 334 1937 4.
362 1875 467 1939 Omnis
482 1879 563 1937 caim
575 1871 693 1950 famil
677 1896 711 1938 το
733 1893 820 1937 eccm
837 1870 933 1939 dubet
955 1874 1160 1940 condrtorem
1169 1883 1205 1938 et
1221 1872 1275 1937 de-
1299 1908 1306 1981 ἒ

216 1999 299 2058 τυυτ,
313 1998 332 2039 a
347 1997 409 2060 quo
421 1984 487 2036 tota
501 1973 652 2059 pendeat;
668 1974 836 2058 cogitando
846 1973 1076 2039 adiiciendum:
1094 1975 1181 2062 idem
1196 1994 1268 2058 ergo
1296 1972 1306 2047 i

221 2076 422 2142 statuendum
436 2086 485 2138 est
498 2073 537 2137 de
552 2072 676 2136 familia
692 2071 766 2136 Deo
782 2094 885 2135 sacra
912 2072 998 2139 Sed
1013 2081 1068 2160 qur·
1083 2080 1188 2138 omnic
1201 2094 1268 2137 ccc·
1294 2074 1306 2127 Ξ

216 2182 301 2244 didit
315 2176 406 2241 Deus
419 2187 479 2239 ert.
520 2156 613 2236 Deus
633 2174 741 2236 omnia
748 2173 905 2254 condidit,
928 2174 1074 2260 adeoque
1093 2194 1205 2237 omnes
1223 2172 1266 2236 la·

163 2320 165 2323 .
217 2278 325 2341 milias
344 2275 430 2360 (Act.
446 2279 496 2353 17,
512 2273 588 2356 26.),
612 2275 708 2336 etiam
721 2284 886 2359 utramque
899 2272 1204 2354 familiamsacram,
1218 2272 1264 2337 lu·

216 2378 342 2441 daioam
366 2386 398 2438 et
416 2372 631 2439 christianam.
663 2371 763 2438 Bene
776 2373 942 2438 Bd’lrmt'us:
963 2372 1113 2454 „Verbat
1136 2370 1155 2438 ὁ
1178 2370 1262 2438 δὲττὶ

215 2475 330 2543 πάντα
347 2469 612 2551 κατασκευάσας,
626 2470 710 2547 Θεὸς
722 2472 784 2536 hoc
798 2473 860 2536 sibi
872 2475 1019 2559 inprimis
1032 2473 1154 2553 volunt,
1166 2477 1261 2559 ipsum

215 2579 325 2642 lesum
345 2571 517 2650 Messium,
539 2592 632 2655 quem
656 2573 752 2636 modo
774 2576 871 2638 tacite
894 2573 1195 2658 κατασκευάσαντα
1213 2593 1259 2635 no·

215 2678 364 2753 minaret,
386 2694 450 2735 uon
466 2670 652 2755 simpliciter
665 2685 696 2735 et
710 2695 745 2735 re
760 2673 800 2736 ad
814 2676 923 2738 vivum
937 2672 1072 2739 'resecta
1092 2676 1140 2737 ita
1165 2673 1258 2735 dicen·

214 2779 302 2856 dum,
325 2773 554 2859 sed-quatenus
568 2793 588 2834 a
604 2771 677 2836 Deo
692 2772 935 2838 summorerum
948 2780 1088 2839 omnium
1105 2774 1256 2855 conditore
1276 2842 1282 2849 Ι

214 2879 290 2943 talis
307 2876 496 2938 constitutus
510 2874 563 2950 sit,
578 2885 734 2958 quatenus
747 2871 839 2937 Deus
853 2897 912 2959 per
926 2873 1088 2939 Christum
1102 2873 1256 2938 ecclesiam

217 2976 429 3043 condiderit.“
470 2969 627 3042 Nonnulli
638 2974 933 3058 interpreteshunc
952 2996 1081 3039 versum
1100 2972 1255 3060 parenthe·
1301 3030 1305 3035 .

214 3101 291 3142 scos
306 3088 382 3138 nota
401 3072 591 3158 signandum
613 3093 686 3136 esse
709 3075 920 3159 praecipiunt.
964 3076 1029 3139 Sed
1041 3087 1076 3138 ut
1088 3074 1190 3160 probe
1202 3091 1256 3136 mo·
1303 3140 1306 3147 ,

215 3180 284 3240 nuit
296 3175 454 3253 demt'us,
476 3193 558 3257 quae
575 3193 607 3236 v.
620 3183 653 3238 4.
668 3173 834 3259 leguntur,
855 3196 918 3238 non
940 3197 1015 3239 esse
1031 3178 1066 3239 in
1085 3169 1257 3261 parenthesi

213 3280 330 3362 posita,
353 3274 467 3338 docent
480 3270 581 3336 verba
592 3294 674 3358 quae
686 3295 719 3339 v.
736 3280 766 3341 5.
781 3289 969 3359 sequuntur:
984 3275 1051 3339 ,καὶ
1065 3275 1198 3355 Μωσῆς
1209 3275 1256 3359 μὲν

212 3388 275 3439 etc.
292 3396 373 3460 quae
394 3372 573 3438 luculenter
593 3392 710 3436 novam
733 3377 911 3440 orationem
929 3375 1090 3456 inchoant,
1114 3390 1257 3439 nonaum

116 3543 120 3546 ,
212 3499 244 3539 υ.
260 3483 291 3540 3.
309 3477 355 3537 ita
373 3473 596 3561 cohaerentem
618 3485 655 3536 ut
666 3495 698 3537 V.
710 3483 752 3538 4.·
764 3496 824 3559 per
841 3475 1048 3559 parenthesin
1069 3478 1259 3540 interiectum

212 3586 385 3640 esserecte
400 3584 533 3637 statuas.
575 3571 682 3636 Docet
703 3595 782 3639 vero
801 3577 897 3639 etiam
911 3597 1090 3663 pronomen
1111 3575 1215 3643 αὐτοῦ
1234 3586 1258 3637 r·

213 3683 256 3758 5,
278 3674 481 3740 referendum
499 3674 540 3736 ad
552 3695 622 3738 voc.
640 3672 724 3750 Θεὸς
740 3676 826 3761 quod
841 3675 1031 3762 praecessit.

290 3782 326 3848 ⁴5.
349 3775 408 3839 καὶ
420 3766 549 3852 Μωσῆς
562 3774 956 3861 μὲν-λαληθησομένων]
971 3797 1012 3840 σο
1023 3775 1135 3844 Mores
1148 3781 1262 3865 quiden

211 3883 245 3942 τ’ττ
264 3886 338 3941 totu
353 3873 487 3951 fumido
507 3881 576 3938 αὐτ
599 3872 689 3958 (Βοί)
710 3877 870 3960 regenda,
900 3876 1056 3956 curanda,
1077 3876 1217 3953 fidelem
1236 3896 1264 3944 re

36 3979 39 3986 '
98 4013 101 4022 ι
205 3981 387 4061 praestitit,
409 3984 560 4060 tunquam
577 3982 738 4054 minister,
762 3983 812 4041 ita
825 3988 863 4043 ct
883 3981 969 4059 leges
988 3980 1113 4044 divinar
1126 3981 1266 4064 promul·

209 4085 317 4156 garet.
360 4071 539 4137 Obscurius
555 4087 628 4137 anto
649 4075 735 4140 dicta
756 4076 956 4140 illustrantur
976 4088 1007 4140 et
1029 4074 1266 4143 confirmantur.

211 4170 324 4237 Moses
342 4184 410 4237 erat
431 4176 594 4256 minister,
617 4196 694 4261 pars
719 4176 831 4244 domus
850 4192 882 4242 et
897 4177 1038 4260 familiae
1053 4175 1128 4242 Deo
1146 4199 1268 4244 sacrae.
