2604 4746
458 281 616 360 Cerur
641 287 693 360 ΙΙ.
728 309 764 361 v.
791 294 847 362 16.
1139 299 1184 369 81

130 445 329 519 confirmatur
349 459 569 534 argumentum
589 473 653 538 quo
673 448 842 536 probatum
863 464 932 518 erat
948 452 1112 522 Christum
1127 457 1184 523 de·

128 547 232 613 bumee
248 569 367 634 corpus
379 547 549 614 hunuanum
564 550 709 613 iuduere.
752 548 784 613 N
786 573 828 616 ou
841 551 978 637 angelis,
996 558 1051 639 qui
1065 568 1181 637 morte,

127 651 285 735 variisque
299 651 442 712 miseriis
457 646 573 735 quibua
586 648 734 713 hominen
751 648 885 716 obnoxii
907 665 998 734 eunt,
1020 676 1085 719 non
1104 678 1181 741 pre·

127 762 257 830 uantur,
281 747 341 813 aed
357 746 539 815 homnium
554 747 731 835 opitulatus
744 763 806 832 eet,
834 749 895 815 hoe
911 773 929 815 e
945 756 1091 837 pernicie
1114 760 1178 821 eri-

126 871 194 933 pere
221 860 254 912 et
276 846 321 911 ad
343 847 531 914 felicitatem
552 870 727 935 perennem
747 850 906 915 adducere
926 850 1039 918 voluit.
1067 853 1178 934 δήπου

126 961 166 1012 ert
182 948 397 1013 asseverundi
415 948 575 1033 particula
591 962 697 1031 certe,
716 957 824 1038 utiquc
843 964 878 1014 ut
897 974 950 1037 ap.
966 950 1056 1017 Xen.
1068 951 1176 1020 Anah.

124 1055 149 1128 3,
166 1055 197 1113 2.
222 1054 275 1114 15.
301 1053 337 1129 5,
357 1052 388 1113 7.
407 1051 439 1112 6.
468 1047 542 1113 Ael.
561 1048 605 1114 Η.
626 1051 670 1116 V.
691 1056 742 1131 13,
757 1058 810 1116 40.
839 1049 934 1115 Philo
955 1054 990 1116 in
1003 1051 1063 1118 lib.
1078 1058 1178 1141 resip.

124 1145 185 1212 Noe
208 1169 243 1233 p.
268 1151 342 1212 276.
366 1146 404 1213 C.
430 1148 487 1212 καὶ
509 1149 593 1216 oded
616 1148 730 1230 δήπου
751 1147 975 1236 πρεσβύτερόν
997 1151 1088 1220 ἐστιν
1111 1157 1178 1220 vid.

125 1249 314 1334 Ccmzoeim
328 1246 369 1311 ad
383 1245 660 1316 h.l.etDeeariet
675 1249 1030 1337 deParticc.p.1108q.
1046 1255 1175 1321 Βσιιιιι.

120 1345 413 1431 ἐπιλαμβάνεσθαι
431 1360 520 1412 comt
541 1373 637 1418 σισιιιι
658 1351 900 1438 apprehendere
913 1372 945 1413 v.
964 1351 1175 1427 Heneterlu-

122 1456 176 1516 o'ttt
187 1447 232 1512 ad
243 1446 381 1510 Lucian.
395 1445 484 1513 Dial.
499 1447 619 1515 Marin.
632 1448 673 1514 Τ.
690 1457 720 1515 1.
732 1473 765 1536 p.
781 1457 853 1517 313.
871 1451 987 1515 deiude
1001 1475 1063 1537 per
1074 1467 1176 1519 metu·

119 1547 260 1634 plorem,
281 1568 369 1633 open
377 1546 490 1631 ferre,
506 1554 664 1636 opetelcre·
675 1561 711 1612 ut
723 1549 755 1614 h.
769 1550 793 1615 l.
810 1550 873 1614 Sir.
886 1558 919 1631 4,
937 1558 988 1617 11.
1011 1552 1175 1619 Praeeeur
1283 1624 1288 1635 ,

120 1652 175 1714 tim
191 1649 309 1712 aorieti
322 1646 420 1711 habet
434 1661 470 1712 ut
482 1671 514 1714 v·
532 1658 582 1717 11.
604 1650 743 1738 σπέρμα
765 1662 840 1714 eunt
856 1658 986 1737 posteri
1006 1664 1043 1716 ut
1055 1652 1173 1721 Matth-

119 1755 162 1830 12,
183 1757 238 1814 24.
266 1747 350 1812 Luc.
367 1754 397 1829 1,
413 1755 465 1816 55.
486 1750 557 1816 loln
573 1757 605 1832 8,
622 1758 675 1818 33.
696 1762 827 1816 aecutue
849 1761 901 1814 eet
924 1754 1062 1837 scriptor
1077 1774 1173 1818 neum
1203 1752 1208 1769 '

119 1846 265 1937 mouendi
279 1845 513 1932 Hebraeorum,
535 1852 592 1938 qui
609 1850 800 1917 vocabulum
817 1863 869 1919 ru
883 1853 931 1914 ita
946 1835 1174 1938 usurpantjut

113 1947 204 2030 filice,
222 1958 377 2036 poneret
388 1950 509 2014 indicet
523 1972 555 2014 v.
570 1951 652 2015 Gen.
670 1957 722 2033 38,
735 1958 767 2016 8.
787 1959 844 2033 48,
859 1958 910 2015 11.
925 1950 998 2016 coll.
1016 1961 1046 2019 9.
1067 1953 1126 2018 eed
1141 1964 1174 2014 et

114 2050 151 2114 ud
164 2049 316 2114 Graecae
328 2050 464 2114 rationis
477 2071 621 2117 normam
634 2053 813 2117 oraticnem
828 2052 949 2115 direxit
964 2073 996 2113 v.
1014 2051 1167 2137 Sophocl.

117 2149 264 2215 Trachin.
285 2155 358 2214 304.
386 2149 500 2235 Eurip·
518 2150 625 2237 Iphig.
646 2149 723 2215 Aul.
743 2157 818 2217 524.
839 2149 932 2215 Plato
946 2149 986 2212 de
1001 2149 1072 2213 LL.
1087 2158 1117 2216 9.
1133 2174 1168 2235 p.

117 2257 179 2317 853.
194 2250 235 2315 C.
253 2245 432 2332 ἄνθρωποί
445 2274 480 2317 τε
494 2252 553 2316 καὶ
568 2249 759 2337 ἀνθρώπων
774 2249 941 2338 σπέρμασι
954 2249 1165 2333 ceucocroc-

116 2366 172 2434 μιν.
217 2351 288 2415 Sed
303 2372 363 2434 per
377 2350 509 2436 σιιὲρμσ
518 2346 672 2438 Ἀβρααμ
691 2353 897 2419 Valkeuart'ut
913 2347 1067 2434 intelligit
1086 2351 1164 2414 airu·

117 2451 233 2534 pliciter
248 2450 401 2532 Iudaeos,
423 2451 465 2517 ad
479 2475 560 2538 quos
573 2454 655 2519 haec
668 2451 809 2539 epistola
823 2452 946 2535 scripta
962 2451 1015 2530 sit,
1032 2468 1096 2511 uon
1109 2449 1169 2513 ho·

116 2554 207 2616 niuea
223 2553 261 2615 in
276 2553 463 2618 univercum
483 2552 558 2618 coll.
574 2560 595 2617 2
613 2553 689 2618 Cor.
706 2561 757 2633 11,
773 2559 825 2618 25.
843 2548 900 2614 ubi
912 2548 1039 2617 ,Paulus
1064 2571 1100 2613 se
1125 2569 1171 2612 ex

115 2656 245 2737 panteria
260 2650 449 2733 Abrahumi,
470 2652 632 2718 natalibus
646 2675 719 2717 esse
733 2653 887 2717 Iudaeum
902 2647 1054 2714 declarat.
1084 2648 1169 2714 Dcit-

116 2753 239 2836 erfiu,
263 2755 397 2838 posteri,
416 2754 530 2840 inquit,
546 2753 724 2820 Abrahami
737 2774 802 2818 non
820 2763 1007 2837 spectantur
1022 2759 1057 2810 ut
1069 2751 1171 2827 natio,

116 2854 164 2918 nd
177 2866 214 2918 nt
227 2853 342 2940 aliqua
353 2851 478 2918 familia
490 2853 642 2935 humana,
663 2853 809 2918 homines
824 2853 892 2916 nati
909 2870 954 2912 ex
970 2847 1169 2928 Abraham,

116 2964 145 3016 ut
154 2966 248 3041 creet·
257 2952 322 3017 hoc
337 2952 524 3039 exemplum
537 2955 674 3020 fratrum
687 2953 820 3033 Christi,
842 2969 917 3014 nam
931 2970 995 3013 non
1007 2947 1117 3033 angeli
1135 2960 1169 3010 ct

115 3051 227 3136 ludaei,
235 3054 298 3118 aed
310 3052 425 3138 angeli
433 3054 621 3120 ethominee
628 3051 693 3116 sibi
701 3063 915 3139 opponuntur.
937 3047 1096 3132 Equidem
1112 3047 1169 3110 ad·

115 3155 391 3241 etipnlorBo‘dm'o,
400 3156 456 3240 qui
467 3151 831 3238 christianoaintelligit,
840 3170 906 3214 nou
915 3160 1103 3212 tautameos
1113 3152 1169 3235 qui

115 3267 196 3319 mtea
208 3251 471 3336 fuerantludaei,
482 3255 541 3319 eed
556 3257 655 3318 etiam
669 3255 724 3342 qui
736 3252 862 3316 fucrant
874 3245 1024 3334 gentiles.
1046 3247 1169 3313 Etiam·

115 3353 465 3421 tittatuaturleetorum
475 3354 647 3420 ecclesiam
654 3354 837 3418 constitisse
844 3359 965 3412 tantum
973 3369 1018 3411 cx
1024 3346 1166 3426 Iudaeis,

114 3451 243 3521 huores
261 3466 370 3518 tamen
383 3456 534 3539 ignorare
554 3453 640 3520 haud
660 3464 824 3539 poterant,
844 3447 983 3536 gentiles
1005 3450 1102 3512 etiam
1126 3446 1169 3510 ad

115 3553 225 3621 ctruu
237 3556 336 3640 aigne
345 3575 381 3619 ae
392 3552 767 3640 contulisse-„Usmpavit
780 3572 859 3636 ergo
873 3559 983 3614 noster
994 3547 1167 3614 formulam

114 3653 397 3743 σιέρμαἍβρσιᾶμ
412 3654 627 3720 eodemmodo
643 3677 705 3742 quo
713 3673 785 3716 eum
792 3648 937 3715 adhibuit
946 3646 1166 3713 Paulusllom.

75 3816 77 3827 .
113 3762 140 3836 1,
151 3763 200 3823 15.
216 3754 277 3820 ubi
292 3754 428 3840 σπέρμα
441 3755 595 3843 Ἀβραὰμ
608 3755 755 3818 dicuntur
773 3751 940 3816 christiani
956 3770 974 3812 e
988 3747 1117 3812 ludaeis
1133 3757 1166 3809 et

75 3852 77 3863 '
114 3855 281 3939 gentilibus
307 3853 495 3920 coll.v.11.
513 3863 564 3921 12.
589 3856 644 3941 qui
663 3852 841 3918 Abrahami
861 3850 986 3936 posteri
1009 3856 1165 3910 vocantur

115 3953 148 4019 ol
159 3957 241 4022 lidei
256 3954 510 4020 similitudinem.
535 3952 608 4019 Gal.
623 3961 655 4035 3,
672 3959 703 4020 7.
726 3958 760 4021 oi
778 3955 815 4020 ἐκ
837 3947 981 4024 πίστεως
1001 3944 1167 4030 idad-013

116 4054 320 4130 πιστεύοντες
335 4068 408 4118 runt
422 4053 598 4121 Abrahami
611 4054 672 4120 filii
688 4054 762 4120 coll.
775 4065 810 4118 v.‘
821 4058 872 4117 29.
888 4062 920 4113 et
933 4044 1053 4114 Paulus
1068 4041 1161 4109 Rom.

116 4160 179 4233 ⁹2⁷«
194 4163 225 4223 8.
244 4154 386 4253 ludaeos
404 4154 534 4223 Christo
557 4156 654 4225 fidem
673 4178 737 4224 non
761 4152 918 4316 habente?
940 4144 1083 4216 excludit
1108 4164 1166 4208 nu-
