2632 4740
342 245 876 373 'samaeas
1005 271 1014 278 “
1119 294 1196 382 mr

116 469 139 512 a
163 450 317 516 cornibus
341 470 475 540 orygum
497 451 553 518 Pa.
577 459 649 540 118,
670 457 701 518 5.
729 463 769 540 σιξ
787 461 907 544 :1217th
931 461 994 540 'iii
1016 455 1187 520 exaudivit

118 572 168 615 nte
186 559 223 617 in
238 556 307 618 laco
328 562 470 638 spatioso
489 554 514 618 i.
530 575 561 619 e.
581 556 751 620 exaudivit
770 576 823 617 me
840 564 872 635 et
885 553 999 616 eduxit
1013 555 1072 638 (ex
1087 576 1188 639 angu-

120 651 206 736 stiis)
235 650 396 717 inlocum
416 651 483 719 late
503 665 679 738 patentem.
710 654 782 722 Iob.
802 660 854 735 35,
881 659 931 717 13.
952 651 1067 719 LXX.
1092 647 1188 718 εἰσα-

125 750 226 841 κσύσῃ
242 749 314 817 aaa
326 747 459 836 ὕβρεως.
479 753 569 818 Xen.
583 753 689 820 Anah.
704 761 736 835 2,
753 760 784 820 3.
800 760 852 818 11.
873 751 1048 817 ἀποσῶσαι
1063 747 1111 828 εἰς
1124 750 1188 832 τήν

123 848 268 918 Ἑλλάδα
283 855 389 918 calcos
402 862 437 918 ιἰι
456 855 629 920 Graeciam
647 859 819 922 reducere.
835 855 908 919 Act.
926 857 978 931 27,
993 848 1045 918 43'.
1061 856 1188 919 διασω-

127 951 232 1028 θῆναι
255 950 311 1021 itti
332 951 394 1030 τήν
413 952 478 1037 γῆν
501 976 561 1040 pro
585 957 802 1035 διασωθῆναι
829 947 1104 1040 καὶ-ἀφικέσθαι
1129 953 1187 1016 ἐπὶ
1239 976 1241 980 ’
1264 997 1269 1004 -

130 1048 186 1129 τήν
198 1051 263 1132 γῆν
287 1054 375 1117 salat
389 1060 422 1116 c'a
444 1064 568 1120 terrant
585 1068 768 1122 coaceruat-
819 1049 981 1136 Exempla
998 1050 1064 1115 alia
1080 1051 1186 1116 attulit
1234 1082 1240 1097 ι

132 1141 336 1216 Marklandas
351 1151 392 1214 ad
407 1151 521 1237 Eurip.
538 1153 652 1239 Suppl.
669 1162 764 1222 1205.
806 1149 1012 1219 Vocabulum
1025 1151 1185 1238 εὐλάβεια

133 1250 307 1338 frequenter
322 1254 369 1314 ita
389 1249 509 1338 legitur
525 1263 560 1316 ut
574 1266 707 1337 nectam,
735 1263 939 1322 anxietatem
957 1251 1129 1338 significet,
1149 1265 1186 1316 ut

85 1342 92 1457 l
137 1372 180 1435 ap.
194 1350 332 1431 Herodi.
350 1357 381 1433 5,
396 1360 426 1417 2.
443 1358 472 1418 5.
495 1353 752 1437 Acachia-Dial.
767 1361 865 1438 2,16.
892 1353 1023 1438 loseph.
1039 1352 1115 1416 Ant.
1130 1358 1182 1434 11,

85 1506 88 1521 ,
136 1455 159 1513 i.
178 1459 207 1517 9.
236 1451 383 1537 Sapiens.
405 1457 457 1533 1⁷,
477 1459 508 1520 8.
536 1452 608 1518 Act.
626 1461 678 1537 23,
700 1463 751 1522 10.
778 1456 844 1520 vid.
861 1454 1022 1524 Kretea
1042 1453 1084 1516 ad
1106 1452 1139 1517 h.
1159 1453 1183 1518 l.

85 1542 89 1591 ·'
136 1547 324 1634 Hesychius:
353 1551 583 1637 εὐλαβεῖσθαι
590 1539 613 1638 ,“
630 1556 833 1647 φοβεῖσθαι.
880 1553 920 1618 ln
937 1555 1089 1617 versione
1103 1551 1184 1617 Ale·

136 1653 283 1716 xandrina
302 1651 368 1718 los.
386 1660 439 1733 22,
459 1661 512 1720 24.
530 1658 705 1740 respondet
724 1654 828 1720 Hebr.
850 1664 939 1721 nass
959 1653 1044 1739 quod
1063 1657 1184 1720 solla'cs‘·

136 1762 188 1818 raa
203 1761 367 1845 timorata,
399 1759 601 1820 anataatea
620 1757 752 1827 indicat.
790 1754 923 1842 'ltaque
946 1755 1185 1840 interpretatio-

136 1871 196 1917 nem
209 1876 229 1918 a
243 1852 340 1918 uobis
361 1851 530 1938 probatam
545 1855 714 1921 confirmat
730 1875 808 1919 usus
822 1854 987 1942 loquendi.
1029 1853 1186 1919 Defendit

85 1948 87 1953 ’
119 1944 123 1951 ’
137 1973 193 2019 earn
205 1966 377 2041 praeterea
390 1958 488 2019 etiam
494 1955 644 2022 Bilmiaa
656 1956 854 2041 argumentis
869 1953 936 2019 his:
959 1955 990 2038 1)
999 1952 1186 2035 „Caussam

85 2076 87 2149 ι
138 2075 181 2118 ιιι
193 2054 286 2119 Iesus
308 2054 392 2118 fusis
409 2053 561 2140 precibus
576 2078 596 2118 a
608 2053 681 2120 Deo
699 2055 874 2119 exauditus
896 2065 1002 2134 esset,
1032 2051 1086 2116 vel
1100 2049 1185 2123 libe-
1215 2076 1217 2080 ·

85 2164 87 2171 '
129 2160 228 2236 ἐσσι,
239 2150 315 2218 ”non
330 2155 393 2218 fuit
407 2177 488 2239 opus
506 2154 656 2235 adiicere,
680 2176 752 2219 cum
763 2154 860 2218 facile
875 2153 1018 2231 lectores
1029 2154 1095 2238 ipsi
1111 2173 1186 2216 eam

85 2308 87 2313 ,
138 2254 293 2340 cogitando
309 2253 428 2320 addere
443 2266 587 2340 possent,
605 2255 799 2342 praesertim
813 2266 878 2318 tam
893 2256 1088 2335 universam,
1104 2273 1186 2339 qua·

118 2375 124 2387 ·
137 2349 169 2418 lis
181 2366 265 2421 esset
280 2353 302 2433 ἡ
317 2352 476 2439 εὐλάβεια
486 2362 608 2442 pactas.
634 2355 667 2439 2)
684 2375 750 2417 non
762 2354 859 2418 facile
876 2355 1104 2439 expediveris,
1126 2373 1184 2417 cur

85 2538 87 2545 Ι
136 2449 185 2519 loc
197 2453 403 2520 insolentiori
417 2470 479 2519 nec
494 2458 573 2520 satis
588 2454 681 2520 finito
697 2457 826 2520 nomine
841 2457 967 2540 potius,
997 2475 1094 2544 quam
1109 2475 1139 2518 e.
1154 2475 1184 2519 c.

85 2550 87 2565 ³
137 2556 293 2643 εὐσεβείας
314 2576 393 2621 usus
415 2560 458 2620 sit
477 2557 632 2644 scriptor.
668 2556 701 2640 3)
720 2554 813 2619 lesus
843 2577 898 2636 eo,
935 2553 1022 2641 quod
1046 2565 1184 2618 mortem

139 2662 250 2722 omniuo
264 2679 330 2723 non
346 2656 488 2744 defugit,
516 2654 589 2720 Deo
601 2657 686 2741 patri
700 2655 754 2718 vel
769 2658 912 2719 maxime
924 2676 963 2719 se
977 2652 1185 2719 obedientem

90 2766 93 2773 '
137 2760 302 2839 praestitit,
331 2779 395 2845 qua
410 2757 449 2821 de
464 2750 501 2821 ro
516 2759 623 2820 statim
638 2753 680 2818 ab
693 2767 823 2819 auctore
840 2754 1040 2837 dictumest,
1063 2756 1118 2839 qui
1133 2753 1183 2816 di·

85 2888 87 2893 v
137 2868 244 2923 storum
264 2858 344 2921 ordo
364 2879 462 2943 aegre
483 2861 602 2942 patitur
615 2853 690 2930 hal.
714 2857 857 2939 cogitare
874 2855 914 2918 de
936 2857 1184 2919 resuscitatione
1303 2875 1307 2882 ·

85 2976 95 3047 ².
137 2952 198 3023 lesu
212 2960 360 3045 precanti
376 2979 548 3038 concessa,
568 2976 665 3044 quam
676 2958 796 3020 rectius
809 2952 969 3019 vocabulo
987 2953 1184 3028 τελειωθεὶς
1216 3024 1218 3030 y

85 3054 89 3115 ἓ
124 3056 250 3125 'demum
273 3058 433 3124 inclusam
454 3058 731 3137 existimaveris.“
787 3054 979 3120 Addendum
1002 3075 1081 3116 vero
1112 3064 1184 3117 erat

85 3140 87 3213 f
135 3175 243 3226 nomen.
251 3156 414 3244 εὐλάβεια
426 3169 539 3237 metas,
556 3178 598 3221 ne
614 3154 766 3241 ambigua
780 3156 937 3218 existeret
952 3155 1067 3217 oratio.
1096 3150 1183 3218 Nam

136 3263 198 3343 quia
217 3263 392 3345 scripserat
409 3256 567 3345 epistolae
593 3260 720 3338 auctor,
744 3255 867 3341 ‘lesum
886 3241 1039 3340 precibus
1060 3254 1182 3317 adiisse

137 3378 206 3442 eun,
223 3362 279 3446 qui
293 3363 399 3444 ipsum
413 3381 433 3422 a
447 3370 551 3423 morte
567 3378 698 3421 servare
714 3355 747 3420 h.
763 3376 793 3440 e.
802 3353 856 3439 ,(ιιι
871 3375 916 3417 ex
929 3356 1002 3439 ipsa
1016 3353 1092 3419 lesu
1107 3376 1183 3420 cra-

136 3461 207 3525 tione
223 3461 306 3526 Luc.
321 3458 345 3523 l.
361 3457 384 3521 l.
399 3459 501 3543 patet)
519 3458 679 3521 moriendi
694 3456 887 3520 necessitate
901 3452 1043 3521 liberare
1058 3468 1183 3543 posset,

92 3630 97 3639 1
138 3559 160 3620 si
175 3559 360 3645 simpliciter
383 3559 569 3641 scripsisset
597 3580 671 3622 eum
697 3556 799 3620 fuisse
821 3554 1029 3636 exauditum,
1068 3568 1184 3641 parata

85 3688 91 3739 ε
139 3673 192 3724 erat
207 3660 384 3738 calumnia,
413 3656 520 3722 Deum
542 3677 605 3721 non
628 3658 826 3722 satisfecisse
841 3658 982 3741 petenti,
1008 3667 1043 3718 ut
1056 3658 1112 3742 qui
1125 3676 1184 3718 ne·

86 3750 95 3837 l
139 3777 193 3826 cem
205 3780 382 3848 perpessus
397 3761 440 3822 sit
455 3757 722 3822 crudelissimam.
766 3755 876 3832 Quare
891 3755 1035 3820 additum
1049 3753 1183 3840 legitur3

85 3867 94 3925 '1
140 3878 197 3925 tum
216 3861 406 3925 exauditum
422 3860 524 3922 fuisse
539 3869 573 3922 et
588 3857 761 3922 liberatum
781 3867 921 3937 amem,
950 3852 1183 3936 confirmatum,

85 3980 97 4024 s·
141 3955 218 4025 itaut
231 3957 717 4042 omnemmetumdeponeret(
846 3943 850 3950 ⁴
1189 3974 1192 3981 ·

85 4084 94 4125 t
152 4092 154 4097 ·
208 4068 238 4126 8.
253 4044 597 4134 Sineidonearatioue
611 4052 1185 4142 nonnulliinterpretesverbahuius

85 4188 93 4225 t
144 4172 237 4229 versus
257 4160 490 4251 parentheseos
510 4169 588 4222 nota
608 4140 766 4244 signanda
791 4178 865 4223 esse
893 4168 1044 4223 statuunt.
1094 4154 1184 4224 Inest

769 4262 772 4267 .
904 4257 934 4321 L
1158 4253 1160 4257 .
