2604 4746
241 340 247 346 ·
398 286 561 364 Cnnun
587 287 638 362 11.
672 306 708 361 v.
736 295 771 361 9.
1080 302 1127 369 65

58 453 163 518 Hebe.
188 463 256 543 nptq
282 452 364 543 nint?
387 474 419 516 v.
435 450 607 530 Bsatorfis'
624 451 712 516 Lex.
728 450 833 519 Talin.
852 475 886 539 p.
901 459 972 522 805.
993 456 1127 524 verbum

57 553 228 640 γεύεσθαι
251 575 318 617 non
341 552 426 616 valet
447 555 564 619 teucer
578 564 731 636 gustare,
754 554 813 617 sed
833 562 996 640 caperat,
1018 557 1126 623 eodm

58 666 212 735 nortem,
234 662 322 719 nors·
340 665 374 716 ut
392 651 508 717 Matth.
531 655 582 732 16,
605 657 657 717 28.
680 650 736 715 ubi
762 674 794 717 v.
808 665 873 718 not.
887 654 957 719 Ich.
971 662 1003 737 8,
1018 663 1071 722 52.
1091 670 1124 721 et

58 755 170 821 eadem
188 752 440 839 significatione,
462 762 497 813 ut
514 753 558 815 sit
570 759 709 834 sentire,
725 760 912 840 percipere,
928 752 1124 842 participes·

53 854 134 933 fieri
146 853 293 921 verbum
304 847 472 936 γεύεσθαι
485 849 560 915 aliis
577 873 705 938 quoque
722 853 905 917 nominibus
923 877 943 918 a
957 859 1123 941 scriptori·

58 956 113 1021 bus
136 956 272 1018 exteris
292 953 435 1037 iungitur
457 963 492 1014 ut
514 950 625 1037 Eurip.
646 950 720 1017 Alc.
745 956 837 1018 1069.
860 941 887 1016 ὦ
906 953 1042 1039 τλήμων
1058 954 1122 1041 ἐγώ

56 1054 104 1132 Ὡς
120 1051 210 1142 ἄρτι
231 1052 383 1127 πένθους
403 1050 501 1117 τοῦδε
525 1049 665 1136 γεύομαι
684 1052 813 1136 πικροῦ.
855 1053 954 1141 Soph.
970 1056 1121 1122 Trachin.
1174 1046 1178 1051 ¹

12 1202 15 1213 .
59 1161 145 1221 1103.
167 1151 291 1220 ἄλλων
311 1175 350 1217 τε
372 1149 513 1238 μόχθων
530 1151 659 1238 μορίων
679 1148 879 1236 ἐγευσάμην.
925 1156 991 1222 Pro
1007 1155 1122 1244 χάριτι
1168 1156 1171 1161 ’

60 1255 139 1322 θεοῦ
153 1254 232 1319 cod.
250 1259 303 1318 53.
318 1257 361 1318 67
375 1256 417 1317 ¹⁸?
432 1251 544 1336 legtmt
552 1252 652 1337 χωρὶς
666 1250 763 1333 θεοῦ,
782 1251 865 1318 hano
881 1252 1053 1323 lectionem
1066 1280 1119 1322 re·

56 1359 134 1439 perit
157 1353 330 1438 Origenes
352 1352 400 1436 (in
414 1351 484 1416 loh.
501 1358 531 1431 1,
548 1358 578 1416 1.
598 1358 631 1432 9,
645 1359 698 1417 49.
721 1374 753 1437 p.
770 1359 821 1418 38.
844 1377 875 1439 p.
890 1357 976 1441 360.)
992 1359 1026 1421 in
1048 1360 1120 1445 qui.

57 1454 191 1519 busdam
215 1451 312 1516 codd.
328 1450 414 1547 (ἔτι,
437 1449 611 1515 attulerunt
626 1473 698 1515 eam
715 1451 958 1534 Theodoretus,
978 1454 1118 1522 Ambro-

59 1558 118 1619 sius
132 1554 192 1639 (de
203 1551 272 1616 fide
290 1551 332 1614 ad
346 1549 490 1617 Gratian.
504 1558 534 1631 2,
550 1553 607 1636 4.),
627 1549 771 1637 vigilius
786 1552 967 1638 'l'apsensis
991 1557 1032 1642 (c.
1050 1559 1117 1624 Eu-

58 1655 168 1738 tychen
190 1651 270 1716 Lib.
286 1657 318 1714 2.
340 1673 374 1736 p.
390 1656 439 1716 17.
457 1651 533 1736 20),
562 1649 753 1737 Fulgentius
776 1653 830 1738 (ad
842 1652 1071 1724 Thrasimund.
1083 1668 1117 1742 3,

61 1757 377 1822 adornemus.
394 1752 471 1837 10.),
491 1751 711 1835 Hieronymus
733 1755 768 1817 in
785 1753 965 1821 Comment.
983 1757 1025 1822 ad
1039 1759 1116 1825 Gal.

60 1856 170 1945 sdspse
183 1852 264 1945 Deo
285 1851 431 1941 incodd.
449 1849 640 1939 quibusdam
653 1850 721 1938 legi
743 1854 799 1918 ait.
844 1853 1061 1924 oecumenius
1083 1873 1117 1926 et

60 1951 321 2042 Theophylactus
338 1973 360 2015 a
379 1949 585 2016 Nestoriauis
605 1950 688 2016 hanc
701 1952 872 2019 lectionem
885 1953 1021 2023 effictam
1041 1981 1115 2025 esse

61 2055 268 2128 contendunt3
291 2064 432 2133 temere,
454 2074 528 2117 cum
547 2073 588 2115 ea
607 2054 673 2117 iam
693 2050 791 2139 longe
814 2067 887 2119 ante
901 2053 1116 2126 Nestorianos

61 2159 200 2222 extiterit
213 2157 252 2219 in
267 2152 359 2217 codd.
376 2151 541 2237 origenis,
566 2164 598 2216 et
609 2154 682 2239 ipsa
694 2151 834 2218 formula
840 2155 941 2242 χωρὶς
961 2156 1044 2223 θεοῦ
1057 2181 1114 2223 va-

60 2261 221 2322 insensu
248 2255 353 2338 accipi
375 2255 497 2338 possit,
518 2263 555 2315 ut
576 2253 730 2338 deinceps
751 2252 942 2320 videbimus.
992 2256 1114 2323 Versio
1159 2248 1163 2253 ³

63 2357 190 2441 Syriaca
202 2358 241 2419 iu
257 2353 354 2418 editis
367 2351 478 2418 habet:
499 2359 568 2440 epm
582 2361 665 2419 enim
677 2351 770 2418 Deos
784 2376 848 2440 per
862 2364 1005 2439 gratiose
1024 2382 1115 2426 ιιιοιι

62 2481 110 2545 pro
122 2463 215 2527 οιιιιιιῗ
223 2454 348 2519 homine
361 2461 506 2535 gustavit
518 2465 661 2536 mortem,
683 2456 718 2539 iu
741 2455 832 2518 codd.
850 2468 957 2522 autem
976 2458 1114 2525 nonnul·

63 2556 95 2622 lis
112 2570 287 2642 utramque
309 2551 480 2619 lectionem
502 2554 653 2620 exhibet:
681 2561 749 2641 ipae
769 2562 851 2620 euin
873 2569 1012 2644 excepto
1037 2559 1113 2626 Deo

62 2681 109 2746 per
119 2662 271 2743 grattopt
283 2675 371 2720 ιιιιιιι
378 2675 445 2740 pro
462 2654 680 2721 cupidosesse
696 2662 841 2735 gustavit
861 2668 994 2723 morters
1004 2680 1036 2723 v.
1048 2659 1114 2726 Bo-

64 2763 102 2826 dis·
115 2754 321 2834 Pseudocrit.
342 2753 608 2838 Miluo-Bengel.
631 2753 673 2818 Τ.
692 2759 723 2816 2.
746 2774 780 2836 p.
802 2759 875 2821 339.
904 2754 986 2842 ipsa
1008 2771 1115 2827 autem

63 2856 192 2925 formula
207 2855 310 2940 χωρὶς
331 2852 416 2920 θεοῦ
437 2852 599 2938 explicari
616 2865 723 2940 potest
752 2855 783 2937 1)
799 2854 946 2921 Christus
969 2870 1116 2924 mortuus

65 2973 105 3024 est
122 2980 187 3045 pro
206 2952 377 3036 omnibus,
396 2966 535 3039 excepto
553 2946 646 3026 Deci
665 2966 762 3037 prout
776 2953 938 3041 Origenes
959 2968 992 3020 et
1004 2956 1116 3022 Theo·

65 3060 185 3125 doretus
216 3076 294 3121 eam·
314 3050 556 3145 intellexeruut.
608 3051 742 3139 Frigida
770 3073 848 3118 sane
879 3058 1115 3141 interpretatio.

65 3160 91 3245 2)
101 3169 250 3225 mortuus
268 3152 374 3229 estad
387 3154 614 3221 demerendum
630 3153 694 3218 sibi
706 3156 891 3238 imperium,
914 3158 965 3219 cui
985 3169 1115 3240 praeter

66 3258 162 3326 Deum
184 3268 303 3323 eunom
323 3252 470 3319 subiecta
494 3267 613 3320 esseut.
656 3252 689 3337 3)
712 3265 880 3338 separatus
903 3278 924 3320 a
945 3256 1115 3324 divinitate

67 3382 123 3445 nn,
137 3361 244 3449 χωρὶς
257 3351 362 3432 θείας
374 3352 515 3445 φύσεως,
537 3375 582 3419 ex
596 3352 668 3418 sola
681 3354 819 3419 humana
833 3370 960 3438 natura,
981 3377 1116 3444 prorsus

68 3462 197 3528 idiviua
220 3461 385 3538 seiuncta,
408 3478 491 3543 quae
509 3452 776 3543 Nestoriauorum
794 3469 880 3538 erat,
900 3479 1058 3544 personas
1079 3461 1116 3522 in

68 3558 183 3627 Christo
197 3557 423 3637 dividentium,
436 3567 588 3621 monente
599 3546 719 3649 mo,
732 3557 966 3643 interpretatio.
987 3557 1021 3642 4)
1037 3557 1115 3621 hac·
1204 3562 1209 3569 '

69 3670 147 3727 huus
159 3670 297 3737 tantum,
322 3657 408 3743 quod
420 3655 518 3721 homo
531 3655 603 3736 fuit,
625 3652 775 3720 Christus
787 3670 923 3724 mortem
937 3677 1115 3743 perpessus

69 3772 117 3843 ott,
134 3756 227 3824 nullo
241 3754 340 3842 plane
355 3755 545 3820 detrimento
567 3756 696 3820 divinae
714 3776 792 3822 suae
814 3771 958 3840 naturae,
979 3757 1039 3821 hac
1053 3780 1116 3844 po·

69 3862 259 3945 dusintcgra
276 3867 310 3919 et
324 3853 426 3919 salva.
468 3855 639 3920 Eiusmodi
652 3877 731 3920 vero
751 3855 945 3923 subtilitates
968 3855 1010 3922 ab
1031 3879 1114 3922 aevo

72 3958 290 4045 Apostolorum
301 3977 436 4040 prorsus
450 3953 637 4036 abhorrere,
652 3968 739 4020 recte
754 3960 877 4021 monuit
890 3957 1116 4024 neusciam

74 4059 147 4125 aa
165 4058 191 4124 l.
219 4059 253 4140 6)
268 4054 435 4141 neglectus
458 4078 478 4119 a
497 4052 584 4135 Deo,
608 4054 671 4119 sibi
692 4059 757 4141 ipsi
774 4079 812 4122 ec
830 4058 920 4124 fatali
940 4078 1018 4122 suae
1033 4056 1115 4121 sor'ti

77 4158 200 4242 aliems,
216 4156 404 4246 χωρισθεὶς
420 4156 481 4223 τοῦ
498 4153 584 4223 θεοῦ
600 4157 658 4224 καὶ
668 4155 950 4245 ἐγκαταλειφθεὶς
963 4155 1042 4245 παρ’
1056 4152 1116 4223 od·
