2632 4740
145 349 264 416 -70
396 329 399 334 ’
546 324 787 412 Caror'll.
821 360 857 409 v.
889 343 944 410 ll.

217 498 427 589 κατ’-ἐξοχὴν
439 502 525 584 talis,
546 513 656 585 tamen
672 506 770 566 etiam
784 513 917 566 eatenus
934 511 984 563 est
998 499 1063 563 Dei
1076 495 1177 577 filius,
1202 492 1275 584 qna·
1303 507 1314 549 1¹

219 617 312 667 tenus
326 598 541 668 homofaotus
555 615 615 685 est,
637 592 801 667 hominum
821 612 926 666 autem
940 601 1083 684 origines
1099 621 1119 661 a
1131 597 1207 687 Deo
1223 598 1272 660 de·
1298 608 1314 663 1

218 704 372 768 ri-vandae
394 702 556 768 suntAct.
571 710 632 786 17,
654 704 724 768 26.·
749 689 837 766 Fieri
862 713 968 764 autem
989 698 1099 764 debuit
1128 698 1270 763 Christus
1299 686 1314 753 ἦ

219 803 379 867 humanae
406 815 540 870 naturae
565 805 744 890 particeps,
776 813 811 865 ut
830 800 994 864 hominum
1019 799 1136 865 salutis
1164 819 1276 863 caussa·
1311 834 1314 855 .

147 959 149 962 ⁴
218 914 354 989 mortem
379 902 488 980 subire
506 916 619 989 posset
637 923 668 966 V.
694 910 745 968 14.
787 903 899 990 Itaque
922 901 1080 985 particula
1101 897 1166 984 γοίρ
1188 918 1269 981 οοῐιι·Λ

221 1024 292 1067 sam
304 1015 337 1066 et
346 1006 633 1090 rationemindioat
643 1023 701 1067 cur
709 1002 858 1067 homines
868 1001 945 1064 disti
954 1003 1018 1064 sint
1030 999 1098 1065 οἷοὶ
1112 997 1171 1064 τοῦ
1185 997 1275 1063 θεοί.Ι

222 1100 464 1168 Theodoretus:
485 1097 510 1170 ίί-
521 1128 558 1169 τε
572 1103 637 1188 γοίρ
651 1099 800 1186 ἁγιάζων
816 1124 845 1167 ιι.
860 1124 889 1165 τ.
906 1101 935 1165 ί..
953 1103 1011 1165 καὶ
1025 1101 1123 1165 τοῦτο
1137 1094 1274 1164 κοιτίιτί·

220 1199 439 1294 ἀνθρώπινον
458 1203 609 1270 τέθεικε·
628 1201 750 1283 κτιστή
769 1200 835 1288 γοίρ
857 1199 879 1281 ἡ
897 1201 1076 1289 ληφθεῖσα
1093 1197 1208 1291 φύσις·
1228 1187 1265 1297 {ft

223 1300 262 1368 δέ
276 1326 317 1385 γε
331 1313 390 1368 καὶ
403 1303 493 1387 ἡμῶν
507 1307 567 1370 καὶ
583 1301 688 1383 αὐτῆς
702 1301 853 1383 ποιητής·
875 1299 965 1365 οίλλοί
980 1299 1024 1366 δι’
1037 1299 1165 1381 ἐκείνης
1174 1297 1264 1384 dyrr-
1275 1326 1314 1361 ·.·

225 1397 369 1486 ζόμεθοι.
390 1404 448 1469 Ιιοο
463 1412 560 1471 etiam
570 1402 684 1492 potuit
701 1412 799 1487 roera
814 1403 1049 1469 humanitatem·
1095 1403 1217 1468 Creator
1227 1406 1265 1465 ert
1302 1406 1314 1487 g

224 1508 306 1566 enim
328 1515 450 1571 natura
471 1528 553 1592 quae
572 1518 677 1574 οιιιιιιιι
692 1516 751 1572 ert.
786 1504 873 1570 Unus
887 1507 993 1570 autem
1007 1513 1058 1568 est
1072 1513 1107 1568 et
1122 1513 1229 1590 noster
1240 1509 1285 1564 et·
1311 1531 1314 1543 ·

178 1686 181 1693 ,
223 1608 292 1666 er'rrr
307 1599 448 1672 creator.
468 1663 469 1667 ,
493 1605 561 1674 Sed
566 1628 631 1694 per
644 1611 731 1674 illam
747 1605 998 1685 ranctfflcamar.
1021 1597 1091 1668 des
1106 1601 1174 1688 γοὶρ
1187 1599 1265 1686 ayd-
1283 1606 1288 1615 ’
1311 1612 1314 1627 ’

227 1700 294 1781 ζων
306 1703 365 1789 καὶ
378 1701 414 1770 οἱ
426 1701 652 1792 ἁγιαζόμενοι,
673 1703 708 1784 ἐξ
721 1703 793 1782 ἑνὸς
808 1703 945 1790 πάντες]
959 1703 1073 1769 etenim
1088 1708 1146 1788 qur·
1156 1710 1265 1790 expuat,
1306 1708 1314 1791 ἦ

225 1812 261 1867 et
283 1811 339 1888 qm·
357 1812 546 1897 expiantur,
564 1808 701 1971 wudz
710 1815 841 1893 patrem
861 1805 987 1871 hadent.
1029 1801 1139 1867 Prima
1156 1826 1195 1868 ao
1206 1824 1265 1888 pro
1292 1830 1303 1847 ι

225 1904 299 1986 pria
314 1904 407 1969 verbi
418 1903 583 1989 οίγιοίζιιν,
604 1929 656 1971 our
701 1906 770 1971 ehrr
786 1907 857 1992 tti7p
879 1905 1068 1990 respondet,
1090 1900 1313 1988 significatio-³

227 2015 292 2067 est:
312 2027 469 2090 separare
491 2006 531 2089 ad
552 2029 612 2074 ιιοιι
630 2014 834 2073 communiet
855 2027 949 2072 sacro
969 2008 1145 2084 destinare,
1168 2005 1209 2068 id.
1226 2003 1264 2091 qd.
1278 2008 1298 2037 ⁴

226 2100 421 2192 ἀφορίζειν,
446 2119 479 2191 et
497 2122 669 2195 usurpatur
690 2130 754 2173 non
771 2109 867 2173 modo
882 2106 922 2169 de
940 2104 1037 2170 rebus
1053 2105 1094 2168 ad
1106 2124 1197 2168 saera
1209 2125 1267 2191 per·
1293 2138 1296 2143 ,

228 2205 416 2287 tinentihus,
436 2207 476 2271 de
489 2208 588 2273 rebus
607 2208 681 2273 Deo
694 2209 821 2289 dicatis,
844 2207 1047 2291 consecratis
1055 2226 1086 2266 v.
1100 2202 1215 2270 Matth.
1227 2211 1265 2283 23,
1296 2226 1309 2237 ·

191 2330 193 2337 s
228 2309 350 2384 17.19.
372 2305 540 2390 sedetiam
559 2310 599 2373 de
619 2307 804 2388 hominibus
824 2308 866 2372 ad
880 2326 994 2369 munus
1014 2324 1141 2368 sacrum
1163 2305 1265 2370 ohann-

115 2472 123 2487 κ
152 2432 155 2436 ·
227 2404 303 2467 dum
320 2403 466 2486 delectis,
488 2407 527 2471 de
547 2406 728 2472 hominihus
751 2430 832 2495 quos
847 2405 940 2470 Deus
958 2402 1022 2467 sibi
1035 2409 1233 2470 consecravit
1243 2405 1265 2468 h.
1300 2418 1307 2441 ¹

228 2524 257 2566 e.
277 2526 413 2589 quorum
429 2507 614 2570 ministerio
636 2506 778 2593 qualibet
795 2510 829 2570 in
849 2528 886 2569 re
909 2527 988 2590 pree
1013 2506 1151 2568 caeteris
1177 2509 1266 2584 utitur,

229 2601 318 2666 velut
333 2605 373 2668 de
389 2606 609 2671 sacerdotibus
624 2619 657 2669 et
667 2607 833 2692 prophetis
849 2629 880 2671 v.
896 2606 960 2670 Ex.
976 2613 1026 2686 19,
1040 2610 1072 2668 6.
1093 2611 1147 2688 29,
1164 2614 1191 2671 1.
1217 2606 1266 2670 Le

70 2668 72 2675 ¹
125 2716 129 2723 ’
171 2789 172 2792 ¹
229 2704 286 2767 vit.
302 2711 398 2786 sao.
426 2704 489 2770 rer.
505 2714 534 2787 1,
550 2712 580 2773 5.
611 2708 676 2773 sn.
690 2713 745 2786 45,
758 2717 790 2772 4.
806 2711 836 2772 5.
866 2696 1314 2786 ron.1r,1r.usrv.n0r··

230 2815 264 2866 et
283 2805 324 2868 ad
343 2804 413 2870 Ioh.
438 2812 489 2886 10,
510 2812 562 2873 36.
587 2819 619 2870 et
635 2807 802 2872 Israelitae
825 2803 1012 2873 dicebantur
1031 2801 1158 2886 n'ffi'rp,
1171 2796 1268 2888 εἱίγιοι,
1303 2826 1314 2837 ”

231 2907 384 2991 quoniam
404 2928 516 2972 veram
539 2907 730 2992 religionem
753 2921 786 2973 et
803 2907 921 2972 onlmm
945 2905 1097 2991 divinum
1112 2902 1268 2981 habebant,
1312 2909 1314 2915 '

231 3025 336 3091 eoque
352 3028 372 3069 a
387 3004 521 3094 reliquis
541 3007 691 3093 gentibus
705 3010 832 3089 secreti,
856 3006 930 3071 Deo
942 3007 1131 3086 consecrati,
1149 3002 1269 3093 populns
1312 3002 1314 3044 :

229 3101 306 3167 Dei
320 3104 495 3190 peculiaris
517 3119 622 3182 erant3
646 3120 741 3195 atque
763 3109 877 3173 eodem
899 3124 997 3170 sensu
1018 3103 1227 3170 christianiin
1241 3104 1270 3171 li·
1304 3100 1314 3147 ³

231 3201 300 3265 bris
323 3203 366 3269 N.
389 3204 430 3270 Τ.
457 3207 602 3272 dicuntur
622 3202 733 3293 ὁίγιοι,
762 3206 960 3293 ἡγιασμένοι
981 3217 1036 3289 np.
1056 3203 1098 3268 ob
1120 3205 1273 3292 religionis
1304 3192 1314 3231 ³

231 3302 425 3370 christianae
447 3309 699 3394 professionem,
728 3331 796 3396 qua·
815 3309 955 3394 separati
970 3317 1059 3369 erant
1073 3327 1093 3367 a
1114 3303 1276 3375 ludaeiset
1308 3298 1314 3345 “·

232 3403 410 3487 gentilibus
429 3406 502 3472 Act.
518 3415 571 3490 20,
586 3416 638 3474 32.
661 3416 677 3472 1
693 3408 770 3474 Cor.
789 3418 818 3492 1,
826 3417 861 3476 1.
886 3406 929 3471 al.r
957 3404 1086 3468 Deinde
1102 3399 1277 3489 verbumd·
1311 3444 1314 3455 ·

137 3508 142 3522 ·
231 3501 363 3584 γιάζειν
378 3517 468 3571 notat
476 3529 595 3592 porum
612 3508 750 3574 reddere
763 3520 795 3571 et
812 3506 980 3597 adhibetur
1000 3504 1042 3568 ad
1060 3505 1281 3595 designandam

232 3605 405 3686 puritatem
426 3601 595 3673 eatemam
613 3606 716 3671 Hehr.
737 3613 838 3689 9,13.
859 3620 895 3671 at
914 3603 1016 3669 Heba
1036 3603 1106 3687 23η)
1126 3604 1196 3670 Iob.
1211 3616 1239 3688 1,
1254 3607 1285 3670 5·

235 3701 322 3785 quod
349 3700 566 3770 Alexandrini
593 3711 787 3793 interpretes
810 3708 862 3780 ¹ihi
887 3715 1053 3792 verterunt
1078 3703 1289 3793 κιιθορίζεινι

234 3797 385 3890 Denique
399 3824 460 3888 per
473 3806 694 3891 metaphoram
709 3805 869 3896 signifieat
883 3825 999 3892 parum
1020 3804 1197 3875 redderem
1215 3822 1293 3892 ριν

235 3907 333 3982 carre,
355 3911 497 3970 sanctum
518 3908 670 3987 reddere,
691 3908 861 3972 emendare
885 3914 900 3970 1
918 3903 995 3968 Cor.
1007 3909 1039 3984 6,
1055 3910 1115 3971 11.
1139 3900 1298 3970 tThess·

234 3988 270 4079 5,
282 4007 333 4067 23.
357 4015 389 4066 et
395 4026 512 4090 perum
525 4009 661 4094 aliquem
681 4008 818 4084 reddere
841 4028 863 4071 a
882 4007 976 4090 οιιῖρο
994 4012 1142 4090 peccati,
1163 4008 1307 4092 amq&

233 4121 337 4167 neena
349 4109 520 4183 immonem,
540 4115 678 4192 emptore
689 4119 724 4170 ut
737 4102 940 4190 κιθαρίζειν
957 4105 1021 4168 Sir.
1035 4110 1087 4185 23,
1099 4111 1131 4169 9.
1154 4107 1309 4190 οοοοοιῐῑ

233 4195 389 4282 ἁγιάζιιν
406 4216 615 4273 commutatur
629 4205 731 4284 Hehr.
745 4212 777 4287 9,
795 4211 844 4273 13.
859 4215 911 4273 14.
954 4205 1022 4271 Iam
1040 4217 1178 4292 quonam
1192 4205 1311 4268 sensu*
