2604 4746
116 311 192 386 136
263 363 270 377 .
434 274 602 422 Cnrur
626 302 700 379 XI.
734 325 773 380 v.
800 291 880 380 322'

79 485 82 494 “
118 472 271 540 ἐπιλίποι
292 465 323 534 δ’
349 459 395 531 ἂν
417 462 508 551 ἡμᾶς
528 463 547 530 ὁ
571 467 638 542 πᾶς
657 463 790 556 χρόνος,
810 465 840 534 εἶ
863 465 976 545 πάσας
991 467 1047 546 τοὶς
1061 468 1153 535 ἐκείνου
1197 483 1203 539 t

114 571 260 661 ,πράξεις
288 564 662 651 κιαταριθμηοοίμίεθα.
703 565 820 639 Iulian.
845 569 940 635 Orat.
967 577 997 635 1.
1017 592 1048 655 p.
1067 576 1109 635 34.
1129 569 1154 633 ll.
1201 610 1203 643 .

26 709 31 714 -
119 668 284 758 ἐπιλείψει
300 691 343 754 με
357 664 514 733 ια’κεὶνοο
530 664 746 752 διηγούμενον
761 668 921 765 όχρᾴνος.
944 670 1015 736 Cic.
1029 693 1083 757 pro
1097 671 1159 735 Coe·

120 775 169 852 lio
183 796 210 838 c.
227 779 279 836 12.
301 772 371 836 dier
394 773 459 831 ιὀνι
482 788 530 846 mc
550 766 694 847 λάσιον,
718 775 757 848 rt',
781 776 863 857 poue
886 774 956 838 dicu·
976 780 1012 837 in
1033 793 1096 837 eon
1109 794 1157 837 ren·

51 935 55 941 .
103 866 258 950 'fteott'om
274 878 421 956 poscent,
443 886 542 931 coner
563 888 768 955 expromere.
809 869 858 933 ld.
880 893 941 956 pro
963 870 1158 936 Roscrlmc

123 983 176 1043 32.
198 965 320 1056 tempor
335 979 369 1033 te
385 972 479 1031 citior
496 989 589 1052 quam
610 977 717 1034 oratio
735 969 904 1047 deficeret.
945 971 1106 1058 Exempla
1119 970 1160 1034 clia

121 1075 218 1162 plura
240 1071 316 1134 dant
345 1067 560 1146 Wetrlem'ur,
584 1067 749 1155 Kppkior,
770 1070 973 1150 Loernerttt,
996 1074 1160 1139 Polor'rcm.
1197 1050 1203 1165 l

123 1173 253 1242 Γεδεών
266 1171 345 1234 vicit
359 1167 549 1232 Midianitas
566 1190 598 1231 ν.
606 1168 699 1232 ludd.
712 1175 848 1258 ctisqq.
871 1170 997 1258 Βαράκ
1015 1172 1161 1239 Cananitn
1196 1166 1203 1253 l

124 1274 218 1354 Iudd.
242 1294 270 1336 c.
289 1279 321 1335 4.
351 1264 510 1354 Σαμψών
525 1266 723 1334 Philistaeos
744 1269 837 1334 Iudd.
852 1293 881 1337 c.
899 1275 939 1337 13
954 1293 1027 1360 sqq.
1053 1269 1162 1360 Ἰεφθοὲ
1193 1264 1203 1343 ,l

1 1377 4 1382 ’
123 1374 328 1440 Ammonitas
350 1368 443 1434 Iudtl.
465 1389 492 1431 c.
510 1374 560 1432 11.
589 1368 747 1434 Gideonis
767 1371 904 1437 historia
918 1375 953 1437 in
968 1373 1073 1439 literis
1086 1376 1161 1438 sacris
1201 1364 1203 1369 ’

66 1502 69 1509 ·
123 1473 287 1562 prolixius
297 1479 476 1549 enarratur,
485 1489 582 1556 qnam
595 1468 729 1545 Baraci3
747 1472 915 1563 Samsonis
934 1496 1032 1562 quam
1043 1475 1161 1559 lephnc,

125 1595 227 1662 qnare
257 1592 322 1644 nou
344 1569 467 1644 ‚Baraci
497 1568 556 1633 sed
580 1568 737 1637 Gideonis
765 1595 884 1638 nomen
905 1578 1047 1661 primum
1071 1574 1160 1652 loom,

125 1673 271 1760 Iephtae,
293 1673 348 1758 qui
363 1671 638 1736 ante.Simsonem
650 1674 744 1752 vixit,
766 1685 964 1756 postremum
973 1674 1080 1741 locum
1093 1696 1160 1739 occu·

125 1787 192 1863 pat.
227 1773 400 1839 Caeterum
414 1771 620 1836 observatum
633 1784 683 1836 est
696 1770 736 1835 ab
750 1775 995 1860 interpretibus,
1013 1776 1159 1852 hooviros,

56 1933 58 1939 .
90 1880 102 1887 '
126 1875 257 1941 dotibus
271 1876 402 1938 eximiis
418 1874 460 1937 ad
475 1872 666 1937 servandam
679 1873 874 1938 Iudaeorum
886 1876 1115 1962 rempublicam
1127 1877 1159 1940 n·
1201 1913 1203 1959 3

71 1974 74 1978 ⁵
119 1988 276 2068 ⁵structos,
299 1973 458 2060 epistolae
480 1973 678 2038 conditorem
698 1983 764 2038 non
788 1977 909 2039 sanctis
930 1975 1110 2043 hominihus
1125 1997 1159 2039 rt·
1201 2005 1203 2019 ·

129 2078 309 2157 censuisse,
330 2075 390 2139 sed
409 2075 612 2139 collaudasse
631 2087 753 2139 tantum
771 2095 883 2138 eorum
897 2074 997 2141 fidem
1015 2078 1159 2152 heroicon,
1201 2157 1203 2160 Α

125 2178 255 2265 reliqua
269 2199 381 2242 eorum
397 2178 464 2239 vita
479 2193 613 2260 prorsus
628 2175 788 2262 neglecta.
833 2173 931 2251 Quod
950 2179 1017 2242 iam
1028 2179 1157 2242 chrem-
1202 2206 1203 2239 ς

124 2282 173 2345 vit
190 2279 442 2362 Chryrostomus
461 2277 502 2341 ad
514 2276 547 2341 lr.
560 2275 584 2339 l.
601 2277 693 2340 cuius
707 2276 809 2341 verba
824 2289 914 2342 sunt:
938 2275 1021 2366 ὁρᾷς
1040 2272 1092 2346 ὅτι
1110 2275 1159 2362 cipi

56 2374 59 2380 '
124 2377 201 2465 βίον
220 2375 374 2447 ἐνταῦθα
393 2376 510 2455 αὐτοῖς
528 2379 696 2466 ’μαρτυρεῖ
712 2374 883 2463 λαμπρόν
899 2378 985 2452 ,οὐδὲ
1004 2379 1069 2466 γάρ
1087 2376 1158 2445 τοῦτο
1201 2404 1203 2409 ’

27 2495 28 2498 ’
124 2479 379 2569 προηγουμένως
399 2469 441 2558 ἦν
461 2470 500 2542 τὸ
523 2475 737 2561 ζητούμενον,
757 2477 849 2541 otta
870 2474 1012 2556 πίστεως
1029 2481 1103 2557 τέως
1117 2475 1159 2556 ἑξέ-

127 2602 224 2657 τοιοις
239 2571 283 2658 ἦν
296 2583 385 2645 nider
398 2581 482 2663 qood
493 2579 666 2656 conferat¹
674 2577 943 2644 lictertc'moniom
958 2583 1000 2646 de
1013 2588 1079 2647 cito
1085 2598 1159 2668 prot·

129 2685 240 2762 claro,
276 2684 339 2744 oon?
370 2684 452 2745 enim
479 2689 555 2744 erat
581 2680 617 2742 td
646 2681 731 2762 qood
758 2665 995 2765 pcaerebntur,
1027 2686 1083 2749 red
1099 2681 1162 2762 filei

127 2794 203 2849 erat
220 2784 430 2849 examinatio·
474 2777 582 2844 Δονὶδ
606 2777 666 2842 καὶ
690 2774 855 2862 Σαμουὴλ
878 2793 954 2864 post
972 2780 1108 2848 Davidis
1124 2802 1161 2846 no

39 2904 42 2908 ’
128 2906 213 2966 men,
236 2906 280 2956 ex
294 2880 421 2973 Biltmic'
433 2881 603 2960 sententia,
612 2877 773 2942 Samuelis
786 2901 905 2947 nomen
918 2887 1029 2965 posuit
1041 2887 1163 2970 scriptor,
1201 2888 1203 2893 '

128 2985 276 3072 quiahoc
287 2975 465 3069 prophetae
481 2995 560 3064 erat,
583 2982 668 3067 quod
681 2983 783 3064 igitur
799 3003 871 3044 cum
889 2980 942 3044 his
957 2987 1115 3067 proximis
1126 2983 1164 3048 toi

128 3072 194 3152 τῶν
223 3084 405 3172 προφητῶν
435 3084 635 3149 commodius
671 3083 929 3167 coniungeretur.
985 3083 1165 3164 Vocabulum

29 3242 32 3249 ,
129 3172 302 3275 προφῆται
327 3184 437 3248 latiori
457 3207 556 3251 sensu
580 3182 769 3248 sumendum
801 3195 873 3263 est,
897 3204 978 3269 cum,
1001 3189 1097 3251 etiam
1116 3207 1164 3251 mu·

127 3288 230 3352 lieres
254 3308 285 3351 v.
309 3290 361 3352 35.
381 3297 661 3364 commemoratae,
683 3303 722 3366 eo
743 3284 1064 3369 comprehendantur.
1104 3289 1166 3353 Pro·

125 3389 245 3477 plintae
260 3387 408 3450 nimirum
423 3389 551 3451 nominc
573 3407 618 3449 ex
637 3405 699 3448 usu
716 3381 870 3469 loquendi
883 3383 928 3450 V.
949 3383 991 3452 Τ.
1006 3389 1167 3472 insignitur,

130 3490 312 3576 quicunque
328 3508 398 3573 cum
412 3485 486 3551 Deo
499 3484 656 3572 singulari
679 3483 816 3570 quadam
839 3485 966 3551 ratione
989 3492 1167 3564 coniunctus,

48 3627 49 3633 κ
129 3591 200 3653 eius
224 3588 356 3668 amicus,
376 3587 549 3677 familiaris
572 3600 623 3652 ert
641 3607 674 3648 v.
695 3585 844 3672 Koppinr
870 3586 955 3652 Exc.
979 3594 1010 3654 3.
1027 3592 1060 3652 in
1080 3612 1127 3675 ep.
1139 3586 1167 3650 ad

127 3687 248 3774 Ephes.
290 3686 364 3751 Hoc
385 3690 487 3761 aenon
507 3686 711 3754 Abralramus
731 3684 814 3750 Gen.
832 3693 883 3766 20,
899 3694 928 3751 8.
960 3688 1077 3755 dicitnr
1095 3700 1168 3775 mag.

128 3788 262 3868 Tob..4,
279 3794 330 3855 12.
351 3785 522 3868 Noachus,
543 3785 763 3868 abrahamus,
784 3787 934 3869 IsaacnS,
955 3781 1103 3872 lircobus,
1124 3810 1168 3853 no·

125 3892 287 3954 minantur
312 3888 521 3974 προφῆται,Ι
554 3960 573 3979 Ι,
589 3887 795 3952 Patriarchae
815 3890 870 3954 Ps.
895 3895 967 3970 105,
991 3898 1042 3957 15.
1071 3901 1166 3978 0⁹23*ss

125 3991 233 4076 quiin
255 3991 359 4077 priori
379 3988 528 4052 hemistic
562 4006 583 4052 ο
610 3989 758 4052 dicuntur
780 3992 912 4055 arretii.
938 4013 968 4057 e.
990 3990 1064 4056 Deo
1083 3993 1164 4070 sacri,

55 4176 57 4180 ι
123 4092 231 4172 dicati,
253 4102 288 4154 ut
306 4088 446 4178 populus
470 4086 671 4173 israeliticus
691 4087 826 4170 Hono,
844 4096 894 4155 13.
920 4104 1054 4157 vocatur
1068 4101 1164 4159 noctur

120 4193 144 4255 i.
176 4203 205 4255 e.
233 4186 307 4285 Deo
339 4210 450 4274 carus,
488 4189 631 4279 dicatus,
665 4203 874 4258 consecratus
897 4212 929 4260 v.
957 4191 1163 4264 sctnurrerue
