2632 4740
418 294 600 374 ,C'nrur
626 295 699 371 XI.
738 318 788 391 ν.,
804 302 864 376 36.
952 287 954 292 ’
988 312 991 319 “
1083 277 1085 283 ’
1107 280 1199 391 141

108 423 399 552 ε’σφαιρίσθησαν
422 463 624 541 adformanr
644 461 734 546 globi
751 422 920 532 incuruata·
935 473 1020 532 eunt.
1041 463 1183 544 2Macc‚
1230 522 1233 528 ,
1272 458 1284 523 s

109 584 141 628 ο.
157 569 191 645 6.
211 564 269 629 ubi
285 587 392 629 sermo
406 577 456 629 est
472 565 515 629 de
528 564 710 653 supplicio,¹
722 585 786 652 quo
806 563 998 647 Eleasarus,
1022 588 1095 632 cum
1113 566 1182 632 An-

109 663 245 731 tiochus
270 665 411 731 Iudaeos
425 677 687 757 persequeretur,
709 668 826 750 periit*
840 687 871 730 v.
888 673 939 733 19.
961 665 1097 751 legitur:
1120 667 1184 733 αύ-
1278 667 1281 677 ’

110 765 290 853 θαιρὲτως
305 766 359 831 ἐπὶ
372 766 411 834 τό
426 765 604 852 τύμπανον
617 761 778 854 προσῆκε.
799 787 832 831 v.
848 772 899 832 28.
920 765 975 831 ἐπὶ
990 767 1029 831 τύ
1052 764 1184 853 τύμπα-
1257 757 1277 822 ζ

112 888 178 935 νον
193 864 322 945 εὐθέως
334 859 452 948 ἦλθες,
464 880 497 931 et
506 889 538 930 v.
550 874 601 933 30.
619 868 780 953 sequitrrt
802 866 935 952 μέλλων
949 867 987 932 δὲ
1004 869 1081 943 ταῖς
1096 869 1183 945 πλη-

111 968 200 1051 γαῖς
221 967 408 1054 τελευτᾷν·
431 966 592 1052 Iosephus
616 981 723 1033 nutem
743 966 879 1035 eandem
899 966 1069 1033 historiam
1096 969 1183 1033 refe-

111 1088 195 1133 rens
208 1068 247 1132 de
261 1067 365 1132 Mace.
383 1071 414 1146 ᾖ.
430 1073 461 1134 5.
475 1066 516 1133 Τ.
533 1075 564 1134 2.
579 1092 612 1154 p.
624 1073 699 1136 693.
722 1067 845 1154 τροχὸν
868 1078 976 1134 retunt
991 1090 1184 1134 commemo-

112 1179 181 1249 rat,
204 1171 278 1253 et§.
294 1176 326 1234 9.
349 1165 629 1255 τνμπανίζεοθαι
650 1168 799 1255 explicat
811 1191 872 1255 per
892 1166 1013 1255 τροχόν
1026 1192 1185 1258 προσεπι-

113 1268 341 1351 κατατεὶνειν,
367 1281 400 1333 et
414 1269 590 1337 Eleasarus
605 1270 728 1336 ibidem
741 1271 833 1335 dicit:
855 1265 995 1354 τρόχους
1007 1268 1185 1358 ἕντρέπιζε,

114 1369 180 1435 καὶ
194 1373 261 1457 πῦρ
275 1368 409 1458 ἐκφύσα
421 1369 813 1460 οφοδρότερον.ι(ΑοΙιίΙΙ.
829 1369 903 1435 Tat.
920 1377 951 1451 6,
968 1377 1020 1435 21.
1044 1372 1106 1447 τοὶς
1117 1373 1182 1457 βα-

114 1468 244 1546 σάνους
258 1470 491 1559 παράστήσον,
510 1471 636 1560 φερέτω
651 1468 785 1560 τροχόν·
797 1466 883 1558 Ιἰδού
892 1473 1012 1557 χεῖρες,
1035 1473 1183 1537 τεινέτω·
1237 1546 1241 1556 ,

117 1569 254 1660 φερέτω
274 1574 333 1636 καὶ
352 1572 533 1658 μάστιγας·
557 1558 633 1639 ἰδού
654 1569 761 1652 νότος,
786 1572 944 1640 τυπτέτω,
972 1570 1057 1635 Ibid.
1081 1595 1109 1638 c.
1129 1579 1182 1637 22.
1224 1626 1229 1633 .

116 1671 241 1758 τροχός
257 1674 399 1759 iungitur
421 1697 493 1740 cum
513 1677 606 1760 igue,
628 1670 787 1758 flagellis,
808 1672 913 1737 ferro:
936 1669 1090 1757 λάμβανε
1111 1673 1185 1738 κατ’

117 1770 202 1858 ἐμοῦ
224 1773 287 1851 τοὶς
308 1774 487 1863 μάστιγας,
507 1773 711 1861 τὸντροχόν,
734 1772 775 1840 τὸ
787 1764 863 1858 πῦρ,
883 1771 923 1838 τό
943 1769 1092 1859 σίδηρον.
1115 1772 1185 1840 Cic.

121 1871 261 1954 Quaest.
275 1875 375 1942 Tusc.
391 1884 421 1958 5,
438 1884 469 1943 9.
491 1883 525 1942 c'n
541 1887 648 1943 rotam
661 1883 761 1941 cuent
778 1873 904 1940 beatam
919 1882 983 1940 κὀκ
997 1878 1185 1951 accendere.
1264 1872 1268 1879 '

118 1972 284 2060 Apuleius
308 1976 388 2043 Met.
413 1984 464 2043 10.
485 2000 519 2065 p.
534 1982 608 2042 217.
640 1978 730 2042 Prie.
749 1996 809 2040 nec
830 1983 922 2055 rota,
950 1979 1006 2042 cel
1022 1981 1184 2064 equuleus,

119 2096 212 2140 nore
226 2077 445 2160 Graecorum,
458 2085 624 2146 tormentis
638 2085 707 2143 ωάι
726 2085 902 2164 apparatu,
926 2079 1075 2163 deerant)
1097 2077 1186 2142 Hinc

101 2174 237 2263 rplures
258 2181 451 2265 interpretes
472 2175 689 2258 τομπανίζειν
710 2176 743 2242 b.
759 2175 782 2241 l.
800 2175 983 2261 explicant:
1005 2178 1186 2243 deuinctum

119 2279 171 2345 ad
185 2288 364 2364 tympanum
375 2281 524 2358 fustibus
540 2285 585 2347 αιλ
599 2290 736 2350 nortem
750 2298 848 2363 arque
870 2281 1017 2343 caedere.
1060 2278 1096 2365 2)
1117 2279 1188 2343 Alii
1279 2312 1300 2335 =.

112 2379 345 2464 τνμπανίζειν
372 2381 404 2444 h.
425 2380 448 2445 l.
470 2381 557 2445 idem
578 2379 691 2445 valere
715 2378 911 2444 contendunt
933 2377 1021 2464 quod
1049 2376 1188 2445 τύπτειν

103 2479 269 2561 fiuctibus
282 2481 341 2546 sed
357 2482 436 2545 certi
450 2484 592 2569 generis,
614 2498 698 2567 quae
712 2475 885 2565 τύμπανα·
900 2470 1094 2546 vocarentur
1114 2503 1187 2547 cue·

118 2582 205 2647 dere
228 2580 363 2646 Photius
388 2572 476 2658 Lex.
499 2582 566 2648 Ma.
596 2579 862 2671 τνμπανίζεταιτ
882 2574 978 2670 ξύλῳΙ
991 2577 1188 2666 πλήσωνται,

119 2681 379 2771 indicaremini
393 2681 565 2767 κρεμᾶται.
610 2680 795 2768 Τύμπανον
807 2679 846 2746 τύ
860 2681 921 2746 τού
935 2677 1058 2765 δημίου
1071 2678 1189 2767 ξύλον,
1263 2761 1265 2766 ¹

120 2776 152 2877 ᾧ
170 2782 247 2860 τούς
260 2782 550 2872 παραδιδομύνοος
564 2779 815 2871 διαχειρίζεται,
837 2782 897 2848 καὶ
910 2782 947 2848 τύ
958 2779 1191 2868 α’ποτνμπανύι
1246 2829 1263 2843 .,

123 2888 198 2970 ζειν
210 2881 380 2951 ἐντεῦθεν.
398 2886 400 2895 ’
421 2884 624 2977 Hesychius:
647 2883 907 2969 ταμπανίζεται·
925 2879 1120 2966 πλήσσεται,
1138 2882 1189 2950 ἐκ·

123 2989 293 3075 δέρεται,
311 2980 451 3072 ἰσχυρῶς
470 2982 642 3051 τύπτεται.
686 2985 922 3050 oecumenius:
951 2981 1010 3047 διοὶ
1031 2981 1189 3067 ῥοπάλων
1248 3028 1251 3033 -

123 3086 463 3173 α’πέθανονβκιιιύατ
477 3093 756 3172 οαοιύρακίοναοῑ.
770 3082 830 3175 Gi.
846 3081 891 3147 V.
904 3079 1189 3175 &danim-furtes.

124 3189 228 3277 Apud
241 3186 492 3272 Aristophanem
508 3189 543 3250 in
554 3186 648 3250 Pluto
664 3209 695 3252 v.
711 3191 785 3252 476.
798 3194 1015 3249 memorantur
1030 3181 1190 3269 τύμπανα
1196 3226 1206 3267 ι,
1223 3210 1229 3219 ·

126 3303 165 3357 et
184 3288 343 3375 κύφωνες,
363 3285 421 3351 ubi
438 3288 594 3372 τύμπανα
617 3299 691 3352 sunt
704 3286 837 3364 furter,
856 3287 932 3370 quia
946 3286 988 3350 iis
1010 3285 1190 3371 adiungun-

125 3407 184 3458 tur
201 3389 359 3478 κύφωνες.
399 3384 485 3453 Nem
501 3389 653 3477 κύφωνες
669 3398 761 3450 erant
783 3389 910 3452 ούιοαΙα
930 3385 1050 3468 lignea,
1073 3387 1190 3474 quibus

127 3491 220 3559 colla
236 3489 458 3555 maleficorum
477 3492 524 3554 ita
536 3487 747 3577 illigabuntur
766 3500 799 3551 et
822 3485 1133 3571 constringebantur,
1154 3501 1191 3554 ut

128 3595 260 3678 erigere
285 3611 322 3654 re
342 3610 407 3653 uon
431 3602 585 3676 possent,
618 3590 703 3653 unde
727 3589 965 3656 etiamuomen
985 3603 1191 3673 acceperunt,

127 3716 216 3785 quae
239 3712 348 3777 poena
366 3703 399 3754 et
420 3691 613 3777 supplicium
635 3688 803 3754 dicebatur
823 3687 1047 3778 κοφωνισμὸς,
1069 3702 1102 3753 et
1122 3690 1210 3758 tum

127 3792 349 3862 caedebantur
369 3792 521 3856 fustibus.
564 3789 738 3856 Scholiast.
759 3787 932 3875 τύμπανα,
954 3785 1051 3871 ξύλα,
1070 3787 1124 3876 ἐφ’
1140 3781 1193 3871 οἷς

128 3892 378 3981 ἑτομπύνιζον·
399 3893 537 3981 ἐχρῶντο
557 3891 623 3981 γοὶρ
646 3888 751 3979 ταύτῃ
774 3891 815 3979 τῇ
835 3888 994 3980 τιμωρίφ·
1014 3887 1040 3971 ἢ
1059 3888 1192 3978 βολκλα,

130 3993 230 4085 παραὶ
246 3992 286 4058 τύ
303 3990 450 4076 τύπτειν,
470 3992 575 4079 ἤγουν
589 3990 685 4075 ξύλα,
701 3981 752 4068 οἷς
766 3990 947 4059 τύπτονται
961 3990 996 4056 ἐν
1011 3994 1082 4080 τοῖς
1100 3993 1194 4059 δικα.

129 4102 288 4180 στηρίοις
301 4093 335 4160 οἱ
350 4093 602 4183 τιμωρούμενοι.
645 4095 679 4179 3)
704 4092 791 4170 Quia
813 4103 922 4157 autem
942 4093 1005 4158 boc
1025 4093 1193 4163 distentio-

131 4201 186 4279 αἱς
208 4198 452 4265 instrumentum
473 4195 622 4286 pluribus
641 4186 809 4265 tormentis
833 4203 976 4284 aptatum
996 4207 1084 4280 erat,-
1099 4211 1132 4264 et
1153 4201 1195 4267 ud
