2604 4746
225 450 227 457 y
409 349 576 428 Garun
601 350 695 429 vll.
730 374 769 431 v.
795 361 831 431 7.
859 359 894 428 8.
1101 364 1177 436 229
1294 452 1298 465 .

113 518 285 600 sententia,
306 518 337 582 si
354 513 506 601 εὐλογεῖν
518 515 565 583 nil
578 517 716 604 amplius
730 517 929 604 significaret
941 540 1037 607 quern
1047 522 1184 600 fausta,

112 625 295 705 oppressuri,
317 638 392 683 nam
402 619 555 685 usitatum
576 627 646 684 erat
661 632 698 683 ut
713 620 809 684 etiarn
831 618 1003 684 inferiores
1023 626 1172 708 superio·
1203 608 1205 613 ’

71 662 76 777 l
113 719 202 786 ribus
222 715 462 806 gratularentur
481 731 515 784 et
531 719 640 786 fausta
656 731 906 804 apprecarentur
926 741 958 785 v.
973 716 1057 789 Gen.
1070 729 1123 805 4⁷,
1135 682 1207 790 '74⁴‘

116 826 162 885 10.
184 832 217 884 et
228 831 296 885 net.
308 839 408 906 supra
422 821 511 885 adv.
527 827 557 886 1.
602 820 668 886 Sed
682 819 880 903 sacerdotes,
903 823 1090 908 quinetiam
1107 825 1169 888 mi·

114 922 219 984 nistris
234 919 500 986 etinstrnmentis
518 920 660 986 adscribi
674 917 760 985 solet
780 923 933 1003 effectus,
952 927 1170 1009 praestantiu-

114 1041 162 1089 res
174 1030 268 1084 erant
280 1021 334 1103 iis,
356 1020 474 1109 quibus
490 1020 576 1086 bena
587 1023 696 1087 futura
710 1022 951 1105 annuntiabant,
973 1036 1006 1089 et
1020 1046 1059 1088 ea
1075 1027 1169 1111 quasi

115 1118 301 1199 tribuebant,
323 1135 482 1208 quatenns
495 1118 587 1189 Deus
599 1144 720 1188 eurum
739 1135 856 1207 preces
875 1136 908 1187 et
929 1125 1168 1210 praedictiones

114 1235 192 1288 ratas
206 1243 244 1287 se
261 1220 445 1287 habiturum
467 1223 784 1308 essapromittebat,
804 1224 950 1312 adaeque
970 1226 1067 1288 etiam
1080 1222 1167 1288 Mel·
1191 1251 1199 1273 ι
1294 1238 1296 1245 ’

114 1322 297 1386 chisedecns
316 1321 502 1390 Abrahamo
521 1326 624 1390 maior
646 1337 680 1390 et
700 1321 913 1390 excellentior
936 1335 1014 1389 erat.
1032 1373 1035 1377 .
1056 1322 1109 1388 De
1132 1327 1166 1387 vi

116 1445 145 1487 ae
157 1434 318 1508 potestate
330 1445 401 1490 voc.
416 1425 569 1508 κρεῖττον
580 1423 646 1489 vid.
666 1437 733 1489 net.
746 1426 789 1492 ad
803 1431 834 1505 1,
850 1412 890 1490 4.
903 1423 1063 1489 Neutrum
1074 1424 1163 1509 posi·

71 1554 78 1591 r
115 1533 171 1587 turn
184 1536 235 1588 est
250 1546 311 1610 pru
322 1523 513 1606 masculino,
534 1547 594 1612 pru
606 1527 639 1592 ei
650 1522 825 1600 dicineum
844 1514 908 1589 ὑπὸ
929 1525 994 1591 τῶν
1015 1521 1163 1610 κρειττό-

71 1655 79 1691 ι
116 1636 217 1688 ruent
234 1624 352 1705 lone,
367 1629 420 1691 37.
445 1627 517 1691 πᾶν
536 1648 597 1712 pro
618 1626 696 1703 πᾶς.
725 1625 837 1692 icor.
852 1629 883 1705 6,
901 1630 953 1691 11.
982 1626 1090 1690 ταῦτα
1103 1646 1162 1708 pru

71 1760 82 1780 .
117 1715 202 1790 uirus
220 1731 242 1790 2
257 1724 376 1792 Thess.
388 1732 420 1807 2,
433 1726 528 1867 breti
543 1727 690 1812 κατέχον.
704 1725 777 1793 add.
786 1723 903 1793 Mattb.
917 1730 968 1807 18,
983 1731 1035 1791 11.
1058 1726 1160 1792 icor.

71 1834 84 1894 ι
120 1828 253 1912 rmusq.
273 1814 720 1909 nal.a‚na'.“1Tim.c,1a

71 1957 85 1993 ·.·
185 1917 299 1994 &tide
316 1928 355 1991 in
376 1948 404 1991 s.
424 1950 469 1993 ex
488 1927 564 2014 lege
582 1927 742 2010 Levitim,
769 1923 1069 2016 (Theophylactusz
1097 1916 1161 1991 side
1270 1981 1274 1987 .

71 2056 86 2094 r
119 2024 252 2092 τουτέστι
272 2025 309 2092 ἰν
330 2030 378 2117 τῷ
389 2025 493 2120 νόμῳ)
516 2051 598 2116 qnae
612 2029 838 2096 sacerdotibus
848 2027 1006 2092 Leviticis
1019 2037 1171 2111 potesta.

71 2184 82 2195 ..
120 2135 169 2191 tem
189 2128 244 2191 dat
261 2125 405 2194 decimas
425 2131 607 2216 accipiendi
629 2129 747 2207 cella.
766 2137 797 2197 11.
819 2129 892 2196 ἐκεῖ
905 2130 942 2192 in
960 2128 1098 2192 historia
1118 2128 1159 2191 de

71 2239 88 2296 i
120 2226 198 2292 rebus
216 2226 453 2294 Melchisedeci
476 2229 558 2296 Gen.
571 2231 596 2298 1.
606 2231 631 2297 l.
647 2230 924 2322 Tbeophalactns:
946 2226 982 2294 ἐν
1001 2227 1047 2316 τῷ
1068 2225 1159 2291 uacui

120 2325 165 2392 riu
176 2327 388 2417 Meiffleddu
406 2327 589 2418 πράγματι.
629 2323 685 2397 Ad
702 2332 774 2397 ixei
787 2330 999 2416 repetendmn
1019 2338 1083 2393 estz
1106 2329 1167 2414 ‹is-¹

119 2426 206 2507 πάτος
222 2427 393 2516 λαμβάνει
413 2439 577 2521 accept'sec
586 2433 710 2510 fertur
729 2435 876 2498 decimae.
917 2429 1027 2497 Vaces
1046 2421 1109 2496 ὦδε
1125 2442 1172 2527 ⁰⁶2.
1254 2514 1257 2520 Ι

71 2560 88 2598 a
118 2527 171 2595 issi
178 2553 237 2617 pro
251 2528 422 2617 particulis
434 2529 542 2599 lucum
554 2532 798 2618 designantibus
814 2531 934 2598 babent
946 2532 1115 2618 cappellus
1125 2543 1158 2595 et

118 2631 256 2712 Pa‘ra'tes,
279 2631 447 2716 explicant
460 2633 521 2714 tte,
542 2633 721 2703 incivitate
739 2631 882 2714 Iudaica,
904 2637 988 2698 inter
1001 2631 1156 2706 Iudaeus3

71 2760 88 2798 e
116 2731 159 2814 bi,
177 2732 235 2798 nbi
254 2730 514 2797 Melchisedecns
531 2729 717 2803 Abrabamu
731 2729 973 2798 obviamiaetus
986 2746 1047 2819 est.
1089 2734 1166 2797 Sed

71 2838 87 2901 ι’·
116 2845 139 2896 nt
154 2847 241 2900 recte
256 2834 382 2897 monuit
397 2831 603 2917 carpzovas,
625 2831 678 2897 hic
694 2810 845 2897 nun'tam
860 2834 903 2898 ad
921 2832 1039 2915 lecum,
1052 2855 1167 2920 ¹quam:

71 2950 86 3000 ι’
114 2939 208 3019 potins
222 2931 497 2999 ad-sacerdetinm
509 2934 692 3018 respicitur.
734 2933 788 2999 Ad
804 2955 919 3003 vocem
931 2933 1013 3015 ἐκεῖ,
1029 2945 1065 2995 ut
1079 2930 1168 2997 c‘en·-
1231 2969 1234 2973 ‚

114 3045 207 3101 bunis
218 3036 325 3115 docet,
346 3031 520 3118 cogitando
539 3033 755 3100 adiiciendum
776 3045 841 3098 est:
864 3031 1008 3110 δεκάτας
1021 3033 1168 3118 tandei--

71 3145 81 3200 J
113 3157 158 3201 tet.
194 3133 321 3202 Plurali
336 3153 469 3197 numere
486 3130 634 3211 δεκάτας
647 3148 791 3201 nostrum
805 3133 1049 3220 b.l.prcpterea
1063 3155 1169 3197 nerunt.
1237 3218 1240 3223 Ι

71 3261 83 3301 u
113 3258 171 3303 esse
188 3237 301 3302 statuit
312 3234 471 3313 Bataua,
488 3235 575 3321 quud
587 3236 718 3302 Levitis
738 3247 834 3323 atque
853 3234 1074 3299 sacerdotibus
1089 3235 1163 3298 Le-·

71 3348 82 3413 1
112 3341 203 3403 viticis
216 3360 237 3402 e
252 3333 401 3422 pluribus
415 3333 515 3398 rebus
535 3335 679 3402 decimae
701 3337 771 3402 dari
789 3335 943 3417 solerent,
965 3355 1035 3399 cum
1048 3334 1154 3399 Abra·

71 3463 81 3503 t
112 3436 209 3505 btnns
223 3433 469 3503 Melchisedecu
489 3437 618 3506 nonnisi
640 3457 684 3500 ex
708 3435 868 3500 manubiis
889 3448 957 3500 tum
976 3437 1046 3502 suis
1066 3438 1155 3501 deci·
1205 3481 1217 3490 «

71 3550 80 3606 t
113 3555 180 3606 tuam
204 3548 331 3626 partem
356 3533 523 3600 tribuisset
546 3535 621 3602 cell.
642 3557 675 3603 v.
694 3545 727 3604 4.
768 3524 835 3602 Sed
857 3548 891 3603 et
904 3535 1035 3623 amede
1059 3559 1168 3623 quanm

71 3662 79 3707 ι
113 3637 302 3704 Abrabamns
315 3647 467 3720 ceperat5
485 3638 570 3700 varii
585 3639 716 3722 generis
739 3648 808 3701 erat
832 3637 873 3706 uia
891 3644 970 3707 sud
985 3636 1167 3716 alian-db!

71 3765 78 3805 t
115 3744 164 3822 au„
181 3739 364 3826 putaverim
375 3738 484 3822 petius
497 3738 672 3802 variandae
685 3739 974 3830 cratinum-saneta
996 3725 1170 3821 pluralem,

71 3868 77 3907 ι
115 3859 266 3907 numerum
279 3840 424 3924 pesitum
446 3858 534 3902 esse.
572 3836 663 3902 Idem
682 3835 727 3903 V.
747 3836 791 3901 Da
812 3835 1154 3927 obseruatapluualtm

71 3969 75 4008 ι
117 3938 197 4006 baius
213 3939 353 4005 nominis
372 3939 407 4003 in
426 3938 521 4004 libris
543 3937 673 4024 quidem
690 3937 734 4002 V.
753 3936 794 4004 T.
810 3936 1021 4024 apocryphis,
1036 3933 1168 4009 nullibi,

71 4068 73 4106 ι
120 4057 183 4104 veru
197 4044 232 4105 in
247 4039 399 4106 versione
419 4037 650 4105 Alexandrina·
658 4036 736 4124 legi.
778 4038 919 4104 Erratruz
933 4033 1022 4100 Neb.
1035 4039 1086 4113 12,
1101 4042 1153 4098 44.

123 4137 379 4220 ἀποθνήσκοντες
402 4137 583 4231 ἄνθρωποι
603 4139 787 4205 sacerdotes
814 4138 1093 4224 quis2morinntur,
1122 4146 1155 4198 et

126 4252 209 4306 num
225 4264 281 4309 sua
291 4241 368 4338 aliis
381 4239 487 4312 lucum
502 4240 620 4309 cedunt
636 4261 668 4308 v.
680 4245 732 4309 23.
753 4233 1022 4325 μαρτυρούμενος
1044 4229 1098 4302 ὅτι
1117 4234 1155 4326 ζῇ
