2632 4740
467 313 621 389 Curua*
646 317 745 391 XII.
781 342 819 396 v.
845 330 881 397 9.
967 354 970 359 ⁴
1128 262 1206 405 tou
1275 350 1280 357 ·

131 480 234 553 lium}
257 490 290 544 et
308 478 422 565 πατήρ
445 480 652 564 πνευμάτων,
675 485 730 569 qui
753 485 893 548 animum
913 494 1014 564 curat,
1036 498 1072 550 ut
1094 506 1203 552 emen-

132 582 242 661 detur,
262 583 439 644 aniruorum
453 581 616 645 educator.
646 583 796 647 Bilmo'us
812 594 909 667 negat
926 584 1027 648 verba
1042 588 1102 665 τῆς
1118 570 1206 673 ‹iao--

133 681 198 756 κάς
213 677 305 762 ἡμῶν
318 681 458 766 πατέρες
473 681 855 765 οῐπατήρπνευμάτων
876 681 945 746 sibi·
963 686 1103 749 invicem
1118 706 1199 752 exa-

132 792 188 843 cte
220 782 369 865 opposita
390 801 476 860 esse,
506 794 538 844 et
562 794 638 866 post
664 781 861 866 πνευμάτων
885 784 1095 866 repetendum
1123 808 1198 851 esse

129 879 242 964 ἡμῶν,
263 900 344 943 nam
366 900 430 942 nou
452 879 520 965 legi
545 881 746 967 πνεύματος,
784 885 841 969 qui
862 885 1025 968 genitivus
1050 902 1196 952 accurate
1214 872 1246 939 ἶ

116 980 347 1065 'responderet
362 993 551 1071 antegresso
576 981 795 1067 τῆςοαρκάς,
817 1003 877 1046 nee
900 982 982 1046 illud
1006 982 1198 1068 πνεύματος

128 1080 326 1146 oollooatum
343 1097 418 1144 esse
439 1083 523 1146 inter
546 1083 592 1167 τῷ
611 1093 643 1144 et
661 1083 776 1165 πατρὶ,
798 1103 881 1167 quae
899 1082 1074 1148 verborum
1093 1105 1196 1168 oppo-

127 1183 211 1245 sitio
229 1181 452 1264 exspectanda
474 1195 572 1263 esset,
596 1184 625 1245 si
650 1195 767 1245 exusta
789 1180 868 1246 h.·l.
884 1181 1009 1247 valeret
1030 1185 1195 1270 oppositio
1282 1185 1283 1188 ’

127 1277 263 1364 σαρκός
278 1292 311 1352 et
325 1279 516 1364 πνεύματος
529 1284 552 1345 i.
569 1303 600 1344 et·
614 1282 736 1367 ψυχῆς,
752 1279 840 1344 alias
856 1281 963 1347 obvia.
1006 1283 1070 1349 Per
1094 1280 1194 1348 nuso-⁸

125 1403 227 1463 ματα
248 1382 347 1464 igitur
367 1379 522 1466 intelligit
542 1403 661 1460 mortes,
689 1380 764 1444 coll.
789 1388 844 1459 12,
861 1390 932 1448 23..
952 1390 968 1446 1
986 1382 1121 1462 Petu-3,
1138 1390 1194 1448 19.

126 1483 187 1568 quoi
210 1481 274 1564 ipsi
295 1482 366 1542 veri
388 1480 535 1565 homines
559 1493 643 1562 sunt,
666 1495 824 1568 quatenus
844 1481 1042 1547 immortales
1059 1504 1092 1548 s.
1117 1495 1196 1567 post

125 1592 267 1646 mortem
292 1579 396 1642 adhue
416 1583 485 1643 vivi
509 1579 687 1654 habentur;
706 1593 742 1644 ut
761 1583 843 1646 adeo
866 1582 977 1669 πατήρ
999 1581 1193 1667 πνευμάτων

124 1684 187 1746 sit:
210 1691 306 1759 tutor,
329 1683 513 1765 sospitator,
535 1695 696 1764 patronus·
707 1683 834 1765 piorum
847 1683 1018 1747 hominum
1034 1696 1191 1769 'tanquam

122 1779 368 1846 immortalium.
416 1781 510 1846 Hane
533 1805 612 1847 vero
640 1785 935 1867 interpretationem
955 1782 1085 1868 lougius
1105 1785 1188 1868 peti-

122 1893 193 1944 tam
217 1901 300 1958 esse,
323 1883 357 1943 iu
379 1879 490 1943 oculos
517 1895 632 1965 sponte
654 1884 797 1946 incurrit.
843 1881 1066 1947 Concedamus
1088 1882 1189 1948 verba

121 1984 202 2066 ipsa
217 2001 280 2043 non
297 1992 412 2043 exacte
425 1979 489 2044 sibi
504 2003 578 2046 esso
593 1985 753 2066 opposita,
776 1984 835 2048 sed
849 1988 963 2070 negari
979 1984 1101 2070 nequit,
1124 1984 1187 2047 dno

124 2081 228 2146 huius
247 2078 402 2143 versiculi
417 2080 561 2144 membra
575 2081 637 2145 sibi
660 2083 805 2171 inv'ioem'
824 2087 973 2168 opposita
992 2104 1080 2164 esse,
1099 2096 1132 2146 et
1154 2085 1190 2146 in

122 2181 234 2247 altera
256 2179 411 2243 versiculi
435 2192 527 2264 parte
550 2181 694 2245 indicare
719 2181 862 2246 voluisse
891 2187 1101 2269 scriptorem,
1130 2204 1192 2246 our

123 2282 296 2348 christiani
321 2300 357 2342 se
383 2276 457 2342 Deo
479 2279 667 2344 submittere
696 2280 844 2362 debeant,
868 2284 954 2369 quod
977 2284 1126 2346 nimirum
1144 2285 1194 2347 sit¹

119 2380 241 2464 πατὴρ
263 2376 469 2462 πνευμάτων,
491 2379 632 2444 admissa
660 2392 768 2445 autem
787 2382 915 2448 Biltmo't'
931 2369 1046 2447 horum
1068 2381 1185 2446 verbo·
1236 2410 1239 2415 ·
1284 2458 1287 2463 ,

118 2505 198 2549 rum
216 2481 494 2571 interpretatione,
516 2501 581 2543 nou
604 2483 683 2544 satis
707 2484 912 2566 perspicitur,
935 2504 992 2547 our
1011 2481 1086 2547 Deo
1108 2505 1185 2567 pro·
1298 2490 1307 2506 '

118 2598 241 2671 pterea
264 2583 305 2644 sit
324 2578 513 2664 parendum.
552 2581 854 2667 Equidem=acoedo
876 2584 918 2645 iis
943 2583 1184 2669 interpretibus,
1217 2631 1219 2635 ι

118 2681 242 2771 quibus
257 2681 316 2758 τῆς
331 2677 452 2763 σαρκός
464 2671 602 2768 πάτέρες
621 2693 696 2744 suut
713 2693 873 2767 parentes
891 2687 1058 2749 naturales
1077 2682 1192 2767 (Rom.
1255 2749 1260 2758 ,

118 2794 156 2862 9,
173 2788 204 2845 8.
226 2780 269 2844 τά
283 2780 385 2844 τέκνα
404 2781 464 2858 τῆς
480 2782 604 2867 σαρκὸς
616 2780 689 2859 fito·
707 2782 887 2866 naturales)
908 2782 1072 2870 iidemque
1094 2783 1185 2846 infir·

116 2886 180 2952 nri.
221 2881 316 2945 Hane
336 2881 427 2944 enim.
450 2883 613 2946 notionem
645 2901 717 2944 oum
742 2879 834 2949 hisee
859 2879 971 2958 verbis
994 2884 1184 2964 seriptorem

109 2983 348 3059 ooniunxisse,
369 2981 441 3063 ipse
465 2999 497 3048 v.
520 2985 571 3044 to.
598 2967 758 3060 deplorat,
788 2980 845 3043 ubi
867 2980 906 3043 de
930 2980 982 3044 his
995 2978 1192 3064 parentibus

115 3083 307 3171 profitetur,
329 3101 387 3143 eos
410 3075 580 3144 παιδεύειν
602 3079 692 3144 κατά
713 3076 753 3144 τὸ
775 3080 898 3143 δοκοῦν
923 3077 1048 3155 αάτοῑς.
1090 3077 1183 3143 Deus

118 3194 233 3248 autem
246 3181 360 3256 dieitur
374 3177 482 3264 morlo
495 3175 704 3262 πντνμάτων,
717 3189 874 3263 quotenus
886 3180 1027 3242 animum
1039 3191 1193 3244 nostrum.

117 3293 232 3361 ourat,
262 3293 297 3344 ut
319 3279 524 3360 emendetur,
560 3298 620 3342 nos
645 3278 686 3340 ad
710 3277 969 3362 consequendam
993 3276 1182 3343 felicitatem

112 3401 298 3470 perennem
313 3380 437 3444 educat.
481 3379 536 3442 sto
551 3379 621 3442 iere
635 3376 828 3445 vocabulum
843 3397 965 3462 parem
987 3375 1107 3462 legitur
1128 3399 1181 3461 ap.

118 3481 258 3558 Quintil.
276 3488 307 3559 2,
322 3487 354 3544 9.
375 3479 546 3564 άὶτοίμυΙοι
564 3481 601 3543 id
621 3499 715 3542 υυυω
738 3483 866 3543 steterim
886 3495 1006 3558 moneo,
1026 3488 1065 3542 ot
1080 3496 1182 3560 proe-

118 3580 274 3666 captores
292 3600 356 3650 oon
378 3588 478 3643 αι’πυν
499 3599 591 3664 poam
612 3585 683 3663 opta
705 3579 813 3643 stote
833 3589 958 3652 αωουτς
980 3585 1015 3641 et
1030 3587 1182 3666 parentes

118 3701 195 3748 esse
214 3701 276 3743 uon
297 3682 420 3764 quidem
444 3697 630 3762 corporum,
660 3680 718 3743 red
731 3677 885 3740 mentium
899 3679 1045 3743 credaut·
1086 3673 1183 3739 Hane
1293 3756 1297 3762 ι

117 3781 420 3871 interpretationem
447 3778 613 3846 confirmat
626 3777 781 3841 orationis
798 3788 979 3844 contextus.
1029 3774 1182 3859 Sequitur

118 3884 212 3950 enim
234 3903 266 3943 v.
288 3888 319 3946 9.
339 3890 424 3942 extr.
450 3887 508 3942 aut
537 3876 693 3960 ζήσομεν,
713 3895 746 3939 ν.
771 3881 822 3941 10.
849 3872 896 3949 εὶς
920 3873 958 3940 τὸ
977 3873 1182 3959 μεταλαβεῖν

117 3985 184 4060 τῆς
198 3970 376 4063 ἁγιότητος
388 3975 507 4063 αὐτοῦ.
542 3976 727 4042 Obversata
745 3986 927 4053 autem-est,
947 3986 983 4038 nt
998 3971 1091 4038 nobis
1110 3974 1180 4058 qui·

119 4085 199 4147 dem
216 4080 359 4159 videtur,
389 4079 556 4161 soriptoris
579 4077 679 4140 monti
700 4073 838 4139 formula
857 4071 1131 4159 Hebruioafieo'c
1152 4092 1179 4134 s.
1219 4123 1223 4136 .

119 4179 237 4264 πατήρ
257 4180 321 4246 τῶν
345 4175 557 4263 πνευμάτων,
583 4197 622 4240 ao
642 4176 778 4262 proinde
803 4173 929 4260 plurali
942 4192 1077 4239 numero
1101 4192 1180 4236 usus
