2632 4740
462 341 622 418 Carus
649 344 693 417 V.
725 365 762 418 v.
790 348 823 414 5.
1100 347 1169 416 155

102 504 232 592 ἱερεύς,
264 505 391 595 reliqna
408 529 486 574 vero
509 505 559 585 sig
580 505 642 574 τὸν
661 503 774 596 ,αἰῶνα
793 541 835 555 -
858 505 1072 591 Μελχισεδὲκ
1094 505 1126 568 Ιι.
1146 503 1170 587 l.

105 604 283 688 abundant,
297 607 401 673 solius
414 622 584 675 contextus
597 630 713 674 caussa
727 605 877 692 allegata,
899 616 932 672 at
947 606 1031 669 infra
1044 606 1172 670 deinum

109 727 135 778 c.
149 711 183 771 ⁷.
210 712 391 772 accuratius
411 709 622 795 explicanda,
648 709 816 795 fusiusque
833 709 874 771 ad
888 706 1052 781 Christum
1068 704 1171 789 appli-

113 807 222 871 canda.
244 843 287 856 -
308 809 466 895 Equidem
482 831 547 875 non
562 831 695 896 possum
718 831 757 873 eo
780 794 894 882 adduci
913 802 952 870 ut
970 806 1054 874 hanc
1072 808 1172 869 inter·

116 908 324 994 pretationem
348 928 484 974 assensu
508 932 581 975 meo
608 908 812 996 comprobem
819 956 830 990 ,
864 928 996 971 cumea
1018 919 1171 986 contexto

118 1009 272 1087 sermoni,
295 1020 328 1072 et
342 1014 483 1075 auctoris
498 1009 634 1075 consilio
650 1031 715 1074 non
730 1020 876 1073 accurate
890 1006 1099 1092 respondere,
1111 1030 1173 1073 nec
1221 1003 1223 1008 ’

120 1104 318 1190 simplicitate
341 1128 416 1173 sese
437 1111 661 1176 commendare
681 1111 841 1174 videatur.
892 1106 1023 1171 Scilicet
1048 1109 1171 1172 utiam

121 1205 196 1286 ade,
214 1214 266 1273 14.
281 1212 481 1292 notavimus,
510 1209 819 1296 comparaturlesns
839 1207 955 1272 hocin
976 1208 1079 1291 capite
1100 1229 1172 1271 cum

123 1302 302 1374 ludaeorum
316 1309 542 1394 pontificibus,
564 1316 626 1394 ita,
653 1323 690 1376 ut
705 1315 800 1376 etiam
816 1319 1104 1373 commemorentur
1120 1322 1170 1389 ea,
1188 1325 1195 1341 ⁴

124 1407 288 1495 inquibus
312 1407 388 1473 illos
416 1411 596 1475 antecellat.
651 1412 765 1498 Itaque
791 1431 823 1474 v.
843 1420 875 1476 4.
899 1416 984 1485 cto.
1012 1408 1170 1493 epistolae

125 1519 223 1573 ructor
242 1531 308 1574 non
331 1520 453 1573 tantum
476 1510 593 1576 docere
613 1510 718 1576 ‘voluit
738 1511 846 1598 Iesum
868 1509 931 1607 sibi
945 1509 1106 1594 pontificis
1124 1511 1172 1573 di-

124 1611 267 1692 gnitatem
279 1632 344 1676 non
359 1631 548 1695 arrogasse,
572 1633 645 1676 eum
659 1635 679 1676 a
692 1611 766 1676 Deo
782 1613 987 1675 constitutum
1002 1631 1075 1673 esse
1090 1632 1172 1694 pon·

126 1707 248 1790 tificem,
286 1713 368 1798 sicut
387 1709 580 1778 Iudaeorum
601 1710 807 1799 pontificibus
833 1734 852 1774 a
874 1708 948 1775 Deo
974 1709 1038 1774 hoc
1057 1733 1173 1776 munus

127 1805 336 1875 demandatum
358 1813 417 1891 sit,
448 1813 506 1875 sed
525 1812 622 1878 simul
643 1814 740 1877 etiam
761 1814 978 1878 demonstrare
1003 1811 1108 1877 voluit
1120 1812 1172 1878 Ie·

126 1927 271 1974 comesse
292 1909 466 1996 singularis
483 1913 678 1976 conditionis
691 1913 891 1998 pontificem,
914 1914 969 1998 qui
981 1909 1173 1977 ludaeorum

124 2011 281 2093 pontifices
313 2011 466 2095 dignitate
491 2011 857 2098 longissimesnperet,
897 2034 970 2077 eum
992 2015 1077 2075 enim
1098 2027 1173 2076 ess'c

124 2109 299 2192 pontificem
311 2112 446 2196 regium.
491 2111 588 2188 Quod
599 2103 841 2178 ut'lu'culentius
858 2125 1040 2198 appareret,
1063 2125 1096 2176 et
1110 2134 1172 2199 quo

126 2207 225 2273 fortius
246 2211 420 2275 ferirentur
441 2212 596 2276 lectorum
619 2216 738 2294 animi,
772 2213 916 2278 laudavit
937 2213 991 2278 Ps.
1007 2220 1037 2294 2,
1059 2219 1089 2278 7.
1116 2212 1174 2276 ubi

103 2298 222 2390 lesus,
245 2298 408 2394 Messias,
431 2304 492 2377 rex
506 2312 688 2395 honnnum,
717 2311 824 2378 aDeo
835 2314 909 2398 ipso
921 2313 1118 2394 declaretur,
1141 2327 1174 2376 et

125 2410 235 2474 addidit
250 2410 304 2475 Ps.
321 2418 393 2494 110,
406 2422 438 2478 4.
459 2412 516 2476 ubi
533 2412 649 2494 Iesus,
674 2412 817 2479 Messias
839 2435 859 2476 a
878 2412 951 2477 Deo
973 2422 1176 2498 nuncupetur
1277 2414 1280 2421 ’

126 2512 268 2575 sacerdos
288 2513 330 2579 ad
344 2515 502 2578 rationem
514 2511 763 2589 Melchisedech
786 2521 818 2579 et
828 2515 919 2587 ,hunc
932 2512 1053 2577 Psalmi
1067 2512 1175 2579 locum

125 2612 218 2675 attuit
238 2614 379 2696 scriptor
396 2615 492 2678 etium
506 2625 695 2699 propterea,
716 2628 752 2678 nt
763 2626 849 2678 recte
865 2615 947 2677 vidit
967 2615 1175 2701 Corpzoce'us,

124 2717 264 2797 quoniam
283 2713 323 2776 de
346 2714 526 2777 sacerdotio
547 2712 573 2777 Ι.
596 2713 635 2778 C.
658 2713 953 2780 Melchisedecianc
976 2717 1051 2780 data
1074 2738 1197 2800 opera

126 2812 418 2899 expositurus¹erat,
440 2826 476 2878 ut
486 2813 657 2880 Hebraeos
672 2817 714 2880 ad
727 2815 825 2901 p'aulo
840 2830 915 2912 post
929 2817 1065 2880 dicenda
1078 2804 1173 2900 prae·
1192 2848 1193 2852 =
1228 2862 1233 2867 -

126 2926 245 2995 pararet
263 2927 295 2978 et
316 2917 484 2980 excitaret.
535 2915 650 3002 Neque
662 2915 779 2980 verba:
801 2914 880 2983 ἀλλ’
899 2912 919 2981 ὁ
940 2914 1176 3001 λαλήσας-γε·
1286 2963 1289 2967 «

127 3010 262 3092 νέννηκά
287 3037 324 3080 σε
345 3038 418 3080 esse
438 3039 561 3082 meram
574 3015 640 3081 Dei
656 3020 759 3102 patris
778 3017 1042 3102 descriptionem,
1070 3011 1176 3104 neque

127 3113 217 3178 verba
233 3105 307 3191 ’νὶὅς
329 3138 397 3200 μου
420 3106 453 3182 εἶ
472 3118 514 3184 σύ
532 3117 711 3182 redundare
732 3129 769 3180 ut
792 3116 1085 3199 (inclaruerunt,
1122 3117 1176 3182 vel

128 3212 233 3280 docere
246 3229 383 3302 possunt
402 3241 441 3282 ea
459 3218 543 3314 quac
562 3219 647 3282 infra
664 3239 696 3280 v.
712 3223 743 3282 8.
759 3217 918 3302 leguntur.
960 3218 998 3283 In
1013 3218 1078 3284 fine
1095 3241 1127 3282 ν.
1145 3224 1176 3284 5.

129 3320 332 3382 exorationis
351 3331 505 3383 contextu
519 3319 728 3405 repetendum
746 3331 796 3382 cst
813 3315 949 3396 ἐδόξᾳσε
961 3313 1066 3391 ἀύτὸν
1082 3317 1177 3384 Deus

130 3416 152 3478 ei
167 3417 280 3483 tribuit
295 3418 481 3504 dignitatem
495 3419 669 3505 pontificis
688 3447 690 3450 ·
714 3417 860 3482 Similem
877 3418 1005 3504 ellipsin
1024 3442 1056 3484 ν.
1068 3429 1101 3487 4.
1121 3422 1177 3486 ad·
1236 3454 1240 3471 ·

129 3519 303 3583 mittendam
325 3541 398 3586 esse
422 3522 572 3586 vidimus.
627 3521 722 3585 Hanc
747 3523 936 3583 sententiam
954 3522 1093 3606 praeivit
1116 3522 1178 3586 Ca·
1254 3575 1258 3581 .

128 3627 275 3686 serarius
290 3623 325 3684 in
339 3619 512 3689 Notatione
529 3622 710 3707 figurarum-
724 3622 879 3687 orationis
899 3633 932 3684 et
946 3632 1088 3707 mutatae
1109 3619 1177 3684 elo·
1252 3668 1255 3672 ·

131 3721 256 3784 tutionis
279 3723 313 3783 in
331 3721 529 3807 Apostolicis
551 3724 682 3808 scriptis
699 3721 741 3785 ad
761 3721 795 3784 h.
811 3720 834 3784 l.
855 3722 946 3785 cuius
967 3718 1068 3784 verba
1088 3732 1195 3793 sunt:¹

131 3815 347 3898 σνλληπνικῶς
358 3823 600 3887 haecdicuntur
612 3819 684 3906 μετ’
697 3815 893 3909 ἐλλείψεως)
914 3821 933 3886 ὁ
949 3818 1099 3904 Χριστὸς
1115 3821 1177 3886 οὐκ

133 3913 277 3997 ἰδόξασιν
288 3919 404 3990 ἑαυτὸν
416 3920 473 3989 τοῦ
483 3923 693 4008 γεννηθῆναι
709 3919 860 4008 οἷ’ρχιερέα
868 3970 880 3999 ,
902 3918 1009 3987 dtt’i
1026 3914 1179 4001 λαλήσας

137 4016 206 4098 Θεὸς
220 4017 380 4101 ἐδόξασεν
392 4024 498 4091 αὐτὸν
512 4045 575 4091 oon
590 4030 659 4109 epae
679 4022 741 4087 sili
756 4027 892 4107 gloriam
912 4029 1038 4102 uomet,
1062 4033 1098 4088 ut
1110 4021 1178 4100 fie-
1258 4064 1274 4115 J

137 4128 177 4182 ru
187 4125 359 4209 pontefex,
388 4127 447 4190 aed
458 4125 539 4192 douc
553 4125 669 4205 offecit
689 4127 747 4190 illo
758 4128 883 4218 glorio,
912 4131 940 4188 is
955 4130 1011 4210 qui
1021 4126 1061 4189 de
1076 4126 1122 4191 co'
1134 4127 1179 4188 lo·
1278 4140 1285 4149 '

140 4231 213 4290 cuca
225 4225 364 4306 fuerat,
392 4226 494 4294 Deus.
544 4223 658 4291 Verba
677 4228 775 4312 igitur
795 4227 963 4312 scriptoris
983 4226 1029 4289 ita
1048 4235 1178 4290 sonant:
