2604 4746
419 310 422 315 ’
450 317 609 392 error
636 310 775 396 IV.·v'.
807 329 863 397 13.
896 304 900 309 ¹
1066 366 1069 370 ·
1126 322 1196 403 13'5

105 485 230 564 4001,
258 503 342 570 qaue
360 503 423 548 noo
443 496 620 551 canuntur
632 490 716 553 ultis.
738 486 775 551 δὲ
787 492 861 569 red,
884 496 947 555 troo
965 489 1010 552 id.
1026 491 1080 577 qd.
1101 489 1194 557 dito}

118 599 157 648 ut
179 591 283 666 6,12.
306 591 339 665 0,
363 590 413 647 12.
440 604 472 647 v.
486 584 663 675 Rophelr'ur
677 585 776 651 Obss.
791 587 905 671 Polyb.
927 579 960 654 et
973 590 1129 675 Xenoph.
1151 595 1193 657 ad

118 708 153 750 v.
171 691 226 752 15.
247 685 415 771 Denariur
427 685 468 749 de
481 682 618 753 Partica
633 708 666 771 Ρ.
684 691 756 751 101.
778 688 1192 762 ed.1teum.otEnnem

67 832 69 838 -
119 787 162 850 ad
185 784 307 850 Manu.
332 790 385 866 25,
407 789 446 852 a:
469 784 595 870 γυμνός
622 787 737 863 nudus,
770 791 847 874 quia
869 803 976 856 autem
998 816 1080 881 quae
1103 796 1191 861 nudo

120 898 216 973 suut,
238 885 327 948 nisui
345 889 499 972 exposita
512 899 544 950 et
559 887 730 951 manifesta
744 900 834 970 sunt,
861 889 936 956 hino
956 895 1053 960 etiam
1065 894 1205 980 γυμνός·

118 984 417 1074 ΡιιήιιιιιιΡὴοιιιιιι
431 999 480 1063 est
493 987 698 1068 montfertur,
720 998 864 1074 opertus.
907 990 962 1055 Sic
975 1017 1102 1082 quoque
1117 996 1187 1061 He·

119 1087 213 1151 braei
234 1098 365 1177 utuntur
384 1082 514 1152 nomine
532 1089 609 1156 nim
632 1109 662 1151 v.
679 1087 749 1152 lob.
767 1094 868 1168 26,-6.
892 1088 948 1153 obi
964 1094 997 1156 οἱ
1013 1091 1032 1159 ό
1052 1095 1186 1185 habente

67 1206 69 1249 ;
106 1186 249 1274 νγυμνὸς
268 1183 288 1252 ὁ
308 1182 395 1276 ᾅδης
413 1187 553 1254 ἐνώπιον
574 1187 678 1253 αὐτοῦ
695 1187 889 1269 manifestus
906 1191 1056 1271 tofernuo
1077 1176 1186 1264 coram

118 1294 183 1356 silo.
201 1287 376 1354 Heliodor.
397 1283 447 1354 10.
463 1311 496 1374 Ρ.
509 1296 581 1355 501.
610 1289 719 1373 γυμνή
736 1288 797 1354 καὶ
811 1285 1103 1375 α’παρακάλυπτος
1124 1276 1185 1362 κά·

119 1386 269 1478 turonio.
288 1383 409 1478 Euseb.
432 1387 619 1455 Demonstr.
641 1390 702 1454 Ev.
718 1397 750 1472 2,
774 1391 827 1459 41ι
857 1389 1062 1481 γυμνότερον
1084 1396 1183 1465 διδά-

120 1513 225 1559 σκειν.
258 1489 346 1554 Lex.
372 1488 489 1572 Cyrilli
510 1489 584 1556 MS.
608 1490 716 1558 Brem.
739 1492 888 1576 γυμνῶς,
913 1497 1086 1582 1φανερῶς.
1113 1501 1181 1565 vid.

122 1594 325 1659 Gnosiam
344 1589 385 1654 ad
400 1589 555 1671 Antonin.
570 1599 620 1673 12,
636 1599 668 1658 2.
689 1616 723 1678 Ρ.
741 1598 813 1658 346.
832 1606 864 1656 et
880 1596 1069 1664 Palairetuo
1089 1600 1180 1665 adh.

119 1693 141 1757 1.
155 1687 376 1780 rpapoin'Csm‘
382 1687 514 1777 proprie
532 1703 623 1782 notat
637 1697 750 1767 collum
768 1694 955 1776 reflectere,
978 1707 1179 1785 rettpmore,

121 1794 235 1859 deinde
248 1814 309 1878 per
319 1792 538 1878 metaphoram
551 1796 717 1876 detegere,
738 1794 971 1875 manifestare,
993 1809 1028 1859 ut
1043 1796 1074 1860 h.
1088 1796 1112 1862 l.
1124 1810 1180 1865 τε.

120 1894 296 1989 mamito·
314 1891 323 1911 '
337 1888 367 1989 ¹‘a
380 1893 528 1957 diormtur
543 1917 592 1976 ea,
615 1917 698 1981 quae
709 1906 819 1980 patent
831 1906 863 1956 et
873 1904 991 1978 operta
1005 1896 1064 1981 (ita
1076 1895 1176 1986 Vulg.

120 1988 298 2082 exprefflt)
342 1986 506 2075 'mantum
536 1996 623 2082 quod
642 1999 716 2081 ipsa
733 1994 905 2060 verborum
928 1992 1050 2060 vicinia
1071 1997 1177 2066 dooet.

120 2098 332 2183 coniungitur
353 2098 439 2173 enim
462 2107 613 2184 tanquam
630 2117 841 2180 synonymum
860 2115 932 2158 eum
952 2117 1023 2160 voc.
1040 2098 1176 2182 γυμνός,

116 2202 209 2287 eique
231 2191 405 2283 opponitur
424 2192 566 2285 ἀφανής.
616 2195 824 2281 InHesyohii
832 2193 1007 2260 Glossario
1028 2196 1176 2282 explica.

117 2313 161 2364 tur
177 2297 454 2384 πεφανερωμὲνα,
475 2320 496 2362 a
510 2295 753 2383 Theophylaoto
769 2299 870 2376 δῆλα,
890 2294 1013 2383 γυμνὰ,
1032 2300 1175 2387 φανερά.

104 2402 178 2466 sed
199 2400 286 2464 uude
309 2398 499 2484 metaphora
516 2400 617 2485 petita
638 2401 699 2481 sit,
733 2401 929 2484 interpretes
948 2409 1016 2460 trun
1032 2411 1172 2482 veteres,
1242 2456 1260 2486 ,Ι

118 2516 177 2567 tum
196 2503 398 2566 recentiores
408 2493 495 2564 inter
508 2521 545 2564 so
561 2499 719 2565 dissident
731 2521 762 2564 v.
782 2497 934 2566 Suicerur
946 2499 981 2562 in
995 2496 1095 2564 Thes.
1109 2500 1172 2565 Eo-
1212 2524 1216 2529 ·

117 2603 189 2668 cles.
212 2599 283 2665 rub.
301 2622 334 2663 v.
356 2590 577 2687 τραχηλὶζω,
593 2612 626 2665 et
648 2601 850 2667 Gutackerus
872 2600 914 2663 ad
933 2597 1086 2667 Antonin.
1106 2599 1130 2665 l.
1146 2600 1170 2666 l.

116 2703 191 2768 Sunt
208 2704 266 2788 qui
281 2700 551 2787 significationem
569 2702 776 2789 repetendam
789 2721 862 2768 esse
880 2711 1020 2764 statuant
1038 2723 1058 2765 a
1076 2703 1171 2766 viotiss

114 2809 188 2884 mis,
216 2826 301 2890 quae
320 2805 543 2884 excoriantur,
574 2816 607 2867 et
627 2803 832 2888 resupinatae
853 2823 913 2888 per
935 2792 1170 2886 dorsi'spinam
1264 2883 1268 2889 .

113 2905 290 2984 finduntur,
317 2913 353 2965 ut
368 2904 508 2968 omnium
529 2903 632 2969 oculis
651 2906 854 2968 extrinsecus
874 2912 907 2965 et
924 2902 1012 2977 intus
1026 2913 1167 2988 pateant,
1277 2890 1282 2899 “

115 3019 206 3094 atque
222 2991 359 3069 verbum
371 3025 411 3068 eo
429 2990 611 3091 significatu
624 3005 783 3088 aooipiant
794 3015 830 3066 ut
843 3014 932 3074 notet
943 3010 1065 3089 opiam
1079 3006 1172 3092 dotet

114 3111 283 3176 &secura
327 3101 408 3170 'sed
426 3126 521 3171 nemo
540 3106 654 3170 horum
675 3106 890 3189 interpretum.
907 3103 990 3167 hano
1007 3101 1100 3166 verbi
1121 3105 1168 3167 si-

113 3209 348 3296 ffrifioaa'onem
364 3206 598 3292 comprobavit3
620 3207 746 3292 spinam
759 3205 852 3270 dorsi
866 3205 1027 3270 dissecare
1044 3215 1094 3268 est
1109 3203 1167 3270 Gr.
1241 3188 1244 3195 ¹
1268 3220 1276 3240 ¹

67 3322 73 3377 ἕ
111 3306 274 3396 ῥᾱχίζειν,
301 3306 355 3372 vel
373 3308 434 3376 ὃιιί
450 3311 511 3387 τῆς
530 3304 655 3394 ῥάχεως
671 3303 805 3393 σχίζειν.
847 3305 957 3373 Faber
968 3307 1003 3370 in
1016 3303 1166 3390 Agonist.
1273 3298 1278 3313 ⁴

67 3422 69 3431 '
112 3408 180 3474 Lib.
195 3417 226 3474 1.
243 3429 272 3472 os
284 3415 316 3473 2.
343 3398 485 3495 Capetus
498 3407 596 3473 Obss.
608 3416 637 3489 1,
651 3413 682 3471 2.
698 3407 814 3494 quibus
825 3408 997 3471 assentitur
1006 3405 1166 3472 Krebn'ur

67 3498 69 3509 ¹
113 3512 148 3576 etl
166 3511 198 3575 h.
210 3508 235 3574 l.
257 3512 445 3594 opinantur,
478 3507 689 3596 τραχηλίζιιν
706 3529 781 3573 esse
804 3508 941 3574 verbum
961 3530 979 3571 e
1000 3504 1165 3591 palaestra

114 3611 238 3676 etludis
255 3613 412 3697 gymnicis
424 3613 573 3697 petitum,
593 3608 650 3673 ubi
665 3607 802 3673 luctator
810 3623 847 3673 ut
861 3608 1081 3699 adversarium
1091 3605 1164 3668 vin.-
1203 3661 1209 3672 ,

114 3723 211 3793 noret,
231 3713 392 3777 cervicem
405 3715 475 3778 eius
487 3716 520 3776 et
532 3709 649 3775 oollum
662 3709 849 3796 torquebat,
869 3705 1053 3774 inflectebat
1065 3716 1097 3769 et
1110 3726 1162 3771 re·

115 3811 293 3899 mpiuabat,
314 3816 361 3877 ita
373 3824 409 3877 ut
419 3815 605 3898 resupinata
619 3811 800 3876 adversarii
813 3812 914 3877 facies
930 3810 1070 3889 omnium
1084 3828 1161 3871 ocu-

115 3912 150 3977 lis
169 3926 295 3999 pateret
314 3911 389 3979 ael.
408 3912 453 3978 H.
468 3911 511 3977 V.
526 3921 576 3994 12,
596 3918 648 3979 58.
659 3980 664 3987 ,
676 3913 775 4000 ὁρᾶτε
796 3901 898 3998 (εἶπε)
920 3911 980 3977 τὸν
999 3904 1161 3987 ἀθλητήν

117 4009 195 4097 ὑμῶν
208 4013 268 4081 τόν
278 4015 390 4100 μέγαν
400 4010 465 4081 ὑπὸ
481 4013 661 4095 παιδίσκης
678 4009 995 4100 ἔκτραχηλιζόμενον
1009 4031 1049 4076 aa
1062 4014 1159 4096 pugi·

120 4113 171 4178 len
186 4127 324 4183 oestrum
344 4138 488 4200 mognmn
511 4125 565 4184 cnr·
575 4120 687 4206 puella
709 4118 822 4182 collum
841 4119 1015 4200 retorquet.
1063 4109 1158 4175 Philo
1188 4102 1189 4107 ’

123 4214 231 4317 hlaib,
250 4219 290 4285 de
308 4239 429 4306 praem.
450 4229 482 4284 et
499 4240 594 4306 poen.
613 4241 646 4305 Ρ.
660 4225 732 4288 014.
755 4216 794 4295 Ε.
818 4204 981 4303 καθάπερ
998 4209 1158 4292 ἀθλητής
