2604 4746
205 267 212 278 '
332 337 334 341 .
372 274 539 371 Carus·
561 272 630 349 1v.
665 296 702 350 v.
734 280 790 349 16.
1044 238 1150 355 143⁹

45 443 179 530 θρόνος
186 437 332 529 χάριτος
344 438 498 506 alluditur
515 440 676 505 adarcam
688 440 845 522 foederis,
867 445 958 508 cuius
981 456 1117 530 opercu-

10 534 13 631 ᾗ
46 544 110 608 lum
123 539 338 630 (ἱλαστήριον
352 551 384 623 9,
401 542 433 606 b.
446 541 504 606 ubi
519 563 551 606 v.
565 542 656 626 not),
680 543 765 629 quod
781 541 1033 615 Cherubimalis
1047 547 1117 612 suis

30 644 231 726 tuebantur,
244 643 384 727 ‚Iudaeis
398 655 469 707 erat
482 640 549 707 Dei
565 642 699 708 thronus
717 646 893 725 terrestris,
917 665 1016 729 super
1039 669 1116 732 quo,

49 760 200 832 tanquam
221 743 352 826 throno,
373 741 508 808 sedebat
523 741 589 808 Dei
608 746 775 825 maiestas,
798 745 904 831 iisque
927 747 1117 832 operculum

51 845 125 909 illu‘d
147 848 274 930 gratiae
297 847 426 911 divinae
444 836 626 928 symbolum
648 858 718 908 erat
735 844 830 909 Philo
853 845 894 909 de
913 847 1062 932 profugis
1080 871 1115 933 p.

51 953 118 1011 456.
133 949 178 1012 A.
193 941 331 1035 μίμήμοι
345 944 448 1025 abaci
464 938 543 1011 ἵλεω
556 941 739 1031 δυνάμεως,
762 945 801 1012 τὸ
815 943 968 1030 ἐπίθεμα
988 950 1050 1026 τῆς
1064 969 1116 1013 ss·
1175 1004 1177 1009 .

51 1049 173 1131 βοτοῦ,
194 1049 294 1114 καλεῖ
309 1044 339 1115 δ’
353 1045 438 1112 αὐτὸ
454 1042 654 1132 ἱλαστήριον
668 1046 778 1113 ambra
791 1058 828 1114 et
845 1051 1015 1134 exemplar
1034 1070 1117 1132 gra·

52 1151 272 1237 chediatune,
293 1150 475 1236 operculum
488 1159 663 1227 arcnecct,
682 1145 1044 1235 quodpropr'liatorinn
1059 1172 1116 1217 oo·

54 1263 155 1317 retas.
198 1249 276 1316 Lib.
294 1256 325 1315 3.
339 1249 379 1314 do
395 1245 467 1313 Vit.
483 1248 570 1315 Mos.
583 1271 617 1336 p.
627 1246 766 1315 668..Ι).
785 1246 981 1335 ἱλαστήριον
1000 1246 1117 1317 ἔοικεν

55 1339 135 1416 εἶναι
149 1347 325 1436 σύμβολον
336 1350 567 1438 φυσικώτερον
584 1349 646 1430 τῆς
660 1341 739 1415 t'tso
753 1349 814 1416 τοῦ
832 1350 920 1416 Θεοῦ
943 1348 1116 1443 δυνάμεως

50 1459 314 1540 propitiatoriam
333 1463 384 1529 est
403 1451 571 1538 symbolam
589 1453 743 1518 naturale
759 1458 929 1535 gratiosae
940 1451 1011 1517 Dei
1025 1452 1117 1518 beni-

55 1560 222 1622 volentiae.
263 1552 492 1619 sanctarena
509 1553 550 1616 ad
563 1551 657 1616 Rom.
671 1558 702 1631 3,
716 1557 767 1617 25.
790 1552 830 1616 ro*
842 1551 1040 1641 ἱλαστήριον
1055 1554 1117 1619 πέ·

58 1660 158 1725 talos
171 1647 217 1736 ήν
226 1655 392 1740 χρυσοῦν·Ι
406 1653 552 1720 ἐπέκειτο
576 1652 613 1717 δὲ
626 1655 667 1742 τῇ
686 1652 831 1739 κιβωτῷ,
849 1650 1063 1742 ἑκατέρωθεν
1078 1656 1117 1723 δὲ
1224 1654 1228 1663 ’

10 1797 12 1807 =
59 1748 118 1843 εἶχε
137 1757 184 1824 τοὶ
204 1758 270 1822 τῶν
293 1754 466 1842 Χερουβὶμ
488 1751 719 1838 ἒκτοαώματα·
741 1753 881 1820 ἐκεῖθεν
900 1757 948 1842 τῷ
968 1754 1119 1843 α’ρχιερεῑ

10 1885 14 1894 ·
60 1852 447 1944 ἱειτονρμοῦντι,ἕγε’νετο
463 1854 552 1935 δήλη
568 1855 629 1929 τοῦ
645 1853 764 1934 Θεοῖιή
784 1851 939 1938 εὐμένεια
950 1864 1116 1943 propitra-

10 1974 15 2007 '·
60 1967 170 2025 τοεὶαοι
187 1965 263 2024 erat
280 1961 401 2023 ἱσσιὶιισ
415 1977 528 2038 aurea,
550 1978 632 2043 quoe
651 1976 748 2041 saper
765 1977 877 2022 arcam
894 1956 1117 2023 incumbebat:
1135 2018 1143 2027 .
1223 1948 1229 1956 ’

61 2060 249 2146 nectarque
267 2064 420 2144 utrinqne
434 2056 559 2141 effigies
577 2057 753 2123 Cherubim.
794 2055 933 2139 Quando
952 2058 1116 2141 pontifex,

10 2186 18 2199 ·
63 2160 278 2251 animadvertit
298 2157 489 2244 Deylings'as
513 2148 582 2224 1.'l.
603 2181 636 2244 p.
657 2165 729 2226 361.
753 2161 788 2222 in
805 2150 1029 2223 anniversario
1054 2181 1117 2225 ex-

62 2263 203 2347 piationis
214 2261 311 2341 festo,
332 2259 463 2342 adytum
478 2260 658 2345 ingressus,
678 2256 818 2323 suffitum
832 2258 982 2341 faciebat,
996 2273 1029 2324 et
1041 2283 1118 2326 san·

11 2387 20 2400 ·
64 2364 182 2445 guinem
205 2362 407 2426 victimarum
426 2362 646 2446 propeccatis
669 2347 906 2424 immolatarum
927 2360 1116 2446 spargebat,

10 2476 16 2485 '
64 2464 223 2527 universus
244 2459 402 2546 populus,
436 2462 492 2546 qui
513 2463 548 2524 in
571 2462 656 2524 atrio
677 2458 751 2543 Deo
773 2458 992 2547 supplicabat,
1022 2459 1118 2529 ἔλεον
1219 2542 1223 2549 ι

10 2576 21 2616 Ι
65 2560 219 2649 ταὶεχοὶριν
234 2561 308 2627 Der
314 2561 464 2645 gratiam,
485 2581 524 2624 ac
540 2558 871 2647 delictorumpveniain
894 2563 1119 2649 consequeba-

64 2674 103 2726 tur
117 2664 227 2728 Lavit.
241 2652 292 2742 16,
308 2665 372 2726 31.·
403 2659 643 2737 Quaesiverunt
657 2673 764 2725 autem
778 2664 985 2747 interpretes,
1009 2668 1118 2729 cuius·

10 2782 22 2819 ³
64 2783 124 2831 nau
141 2760 291 2843 &onus
313 2773 418 2826 utrum
438 2761 505 2825 Dei
524 2784 566 2826 au
585 2761 792 2827 christini.
813 2763 1024 2847 significetur,
1045 2786 1119 2830 cum

10 2885 22 2923 r
65 2887 104 2950 ep.
122 2876 237 2930 auctor
262 2863 453 2949 simpliciter
480 2866 646 2949 scripserit
669 2863 717 2940 τῷ
746 2859 863 2952 θρόνῳ
889 2858 949 2940 τῆς
970 2861 1117 2949 χάριτος.

10 2986 22 3023 r
64 2965 150 3032 llulti
161 2976 335 3056 versantur
348 2966 383 3028 in
402 2987 442 3054 ea
459 2966 620 3030 sententia
635 2977 670 3027 ut
686 2962 808 3027 Christi
826 2962 976 3026 thronum
996 2963 1118 3027 intelli·

18 3107 22 3119 ·
64 3071 191 3153 gendum
218 3087 294 3131 esso
325 3077 475 3130 statuant.
523 3064 562 3128 ln
581 3084 645 3152 qua
666 3065 779 3129 eadem
799 3067 960 3128 sententia
988 3064 1139 3130 fuerunt·

64 3173 149 3235 ctiam
169 3166 302 3232 librarii
321 3158 381 3252 qui
397 3162 590 3231 ‘addiderunt
608 3184 789 3250 pronomen
813 3159 928 3243 αὐτοῦ,
950 3185 1046 3250 quam
1068 3164 1119 3231 le·

65 3381 243 3435 monuerunt
265 3366 498 3454 explanatores
519 3365 593 3449 alii,
615 3366 725 3431 lesum
745 3366 777 3429 h.
792 3364 816 3428 1.
834 3386 906 3449 non
924 3370 1066 3451 spectari
1082 3381 1120 3432 nt

65 3491 172 3556 regem,
194 3471 305 3535 sedat
319 3471 521 3544 sacerdotem
546 3486 719 3543 summnm3
741 3462 848 3529 arcam
866 3466 1010 3533 foederis
1030 3470 1119 3535 desi·

18 3610 20 3617 ·
66 3592 168 3654 grasse
185 3570 318 3635 Iudaeis
331 3568 397 3635 Dei
408 3573 510 3656 patris
529 3567 678 3633 tinonum
693 3569 828 3652 gratiae,
851 3589 946 3654 quem
966 3572 1120 3655 pontifex

10 3686 20 3727 t
67 3671 231 3756 inadytum
240 3675 422 3757 ingressus,
444 3692 510 3735 nou
528 3680 731 3753 occupasset,
754 3668 812 3731 sed
832 3666 1000 3734 accessum
1020 3672 1061 3735 ad
1076 3673 1141 3736 il·-

10 3787 19 3828 1
67 3767 121 3836 lum
131 3771 355 3858 patefecisset,
378 3784 410 3836 et
433 3775 480 3842 sio
496 3772 535 3837 de
556 3771 684 3857 Christo
708 3791 835 3855 quoque
851 3768 883 3833 h.
902 3769 926 3835 l.
943 3773 1021 3853 dici,
1044 3795 1120 3842 eum

10 3900 19 3918 ·
69 3876 223 3938 transiisse
242 3872 373 3953 coelos,
396 3893 455 3936 suo
475 3873 633 3960 sanguine
657 3892 767 3935 coram
787 3863 903 3935 throno
926 3869 994 3935 Dei
1013 3876 1120 3958 patris

10 4016 18 4043 ,
71 3976 289 4058 chaparussa,
315 3969 499 4060 arlitrrmquo
524 3973 565 4037 ad
584 3971 713 4036 Patrem
733 3968 873 4036 liberum
894 3975 1117 4056 paravissov·

10 4092 18 4131 ε
74 4075 113 4134 11.
130 4079 160 4153 1),
172 4081 223 4140 24.
248 4080 303 4162 10,
313 4079 365 4140 20.
386 4073 532 4162 adeoque
546 4074 695 4138 thronum
707 4073 791 4137 unde
803 4074 909 4159 gratia
924 4076 1119 4143 concedatur
1199 4058 1208 4075 „

10 4191 18 4231 ι
76 4168 214 4247 cilicum
225 4189 353 4267 patrem
363 4177 570 4277 referendum
585 4195 672 4262 csse,
694 4186 727 4243 et
741 4172 920 4264 significari
931 4175 991 4247 hac
1004 4178 1117 4268 appel-
