2604 4746
106 304 229 395 πίννη
430 305 590 386 crana
616 309 693 386 xi.
719 334 757 387 v.
784 295 846 386 aa.
873 256 934 387 ar.

154 485 276 556 auctor,
297 472 452 541 mulieres
466 474 553 556 illas,
577 496 709 560 quarum
730 461 964 542 filii'in'vitam
986 477 1125 542 revocati
1141 477 1193 541 lue·

154 579 228 657 rint,
251 578 409 642 eximium
430 577 510 643 fidei
536 578 714 661 praemium
739 580 925 662 accepisse,
955 580 1017 643 sed
1035 579 1096 643 hoe
1118 582 1194 643 etiam

153 675 299 757 affirmat,
320 675 509 743 α’νάστασιν
522 677 687 740 hominum
703 675 844 768 illorum,
865 676 946 741 fidei
967 681 1145 743 constantia
1159 680 1194 741 in·

26 822 29 829 -
87 798 91 804 ’
154 780 312 863 signium,
342 780 397 863 qui
418 776 478 863 pro
508 778 597 842 avita
614 775 785 861 ‚religione
808 789 948 844 mortem
977 779 1191 860 occubuissent,
1223 804 1227 811 ·

76 952 90 968 α
137 879 224 948 ,ἴστε
244 880 523 963 praestantiorem,
545 887 702 964 quatenus
717 898 775 941 eos
787 877 1042 963 perductura-sit
1057 880 1099 943 ad
1110 878 1191 942 felici·

153 991 251 1044 tatem
268 966 422 1043 summam
436 980 472 1045 in
486 999 589 1066 ragno
603 977 773 1058 Messiano
795 976 943 1062 coelesti,
965 1000 1007 1043 eo
1026 981 1190 1063 instaurato,
1215 1044 1220 1051 ,

75 1094 81 1103 “
153 1064 422 1166 consequendam.

237 1185 289 1245 aa.
321 1165 455 1246 cauea·
476 1182 526 1266 (ut
544 1179 662 1248 Matth.
689 1179 827 1265 16‚14.)
849 1180 991 1249 taurana
1012 1193 1048 1250 et
1065 1148 1189 1268 flagella,

35 1362 38 1369 Ι
145 1290 389 1369 proramque
407 1277 535 1348 uincula
555 1292 772 1349 ‹rt-carcerem
785 1289 930 1369 experti.
975 1283 1189 1368 Quaenampo·

154 1385 311 1447 tissimum
327 1380 406 1446 fidei
421 1382 574 1468 exempla
583 1380 773 1468 'respexerit
787 1395 910 1463 auotor,
923 1387 1078 1448 constitui
1093 1385 1188 1470 nequit.

154 1470 351 1548 Plures'Dei
366 1481 507 1547 cultores
524 1485 598 1567 pios
614 1504 661 1546 ax
672 1481 943 1549 Maccahaeorum
951 1505 1043 1548 ,aevo
1058 1487 1092 1549 in
1106 1493 1187 1548 menta
1224 1500 1227 1527 ¹

153 1585 307 1650 babuisse
322 1583 461 1648 videtur.
503 1583 557 1648 Ad
567 1583 793 1669 ἔμπανγμῶνσ
810 1581 974 1666 prioribus
989 1587 1097 1672 gentis
1107 1582 1188 1647 ludai-

90 1732 96 1753 .·
153 1711 210 1754 cae
222 1684 383 1752 aetatibus
397 1687 590 1770 interpretes
605 1686 771 1749 nominant
788 1682 957 1753 Elisaoum
973 1707 1007 1749 v.
1030 1693 1051 1748 2
1065 1685 1188 1771 Regga

154 1794 206 1854 23.
228 1786 367 1852 Iudaeos
382 1782 535 1869 templum
554 1795 774 1849 restaurantes
791 1777 877 1849 Neh.
889 1793 923 1875 24,
940 1793 970 1849 1.
993 1787 1132 1871 δεσμῶν,
1144 1807 1188 1874 ην·

153 1890 261 1967 lauba
272 1886 422 1952 laudatur
433 1884 545 1950 Miolra
559 1907 590 1952 v.
608 1895 624 1952 1
641 1886 745 1971 Regg.
762 1891 815 1966 22,
832 1891 885 1951 27.
907 1886 1065 1955 Ieremias
1082 1888 1140 1953 Ier.
1151 1892 1187 1966 29,

45 2045 48 2051 .
144 1997 186 2055 2.
208 1989 276 2053 alii.
298 1991 419 2072 πεῖραν
434 1983 561 2071 ἔλαβον
573 1986 640 2051 vid.
653 1998 720 2049 not.
734 1986 775 2050 ad
791 2007 823 2052 v.
839 1994 892 2053 29.
996 2045 1001 2054 .

238 2096 290 2157 37.
318 2084 578 2173 ἐλιθάσθησαν]
609 2089 763 2173 lapidati,
798 2098 836 2150 ut
856 2088 1052 2172 Zacharias,
1083 2087 1189 2154 loialaa
1225 2158 1227 2173 Ι

95 2238 98 2243 -
154 2193 271 2258 summi
287 2189 466 2255 sacerdotis
484 2187 589 2269 filius,
612 2187 654 2253 ob
675 2187 874 2273 reprehensa
888 2191 1002 2275 populi
1015 2189 1191 2256 Iudaioila··
1219 2182 1227 2221 '¹

82 2300 86 2307 “
153 2297 244 2381 gitia,
265 2297 353 2359 iussu
371 2290 470 2370 Ioasi,
491 2287 684 2353 Iudaeorum
696 2291 786 2376 regis
801 2311 832 2354 v.
848 2297 868 2355 2
883 2290 1004 2355 Chron.
1022 2300 1074 2374 24,
1089 2298 1128 2358 20
1140 2310 1203 2378 sqp·

148 2395 224 2463 ¹Alii
245 2391 495 2471 ἐλιθάσθησαν
518 2389 560 2454 ad
586 2389 757 2455 Ieremiam
780 2391 945 2473 referunt,
981 2414 1077 2478 quem
1100 2395 1192 2458 Patres

151 2493 301 2568 nonnulli
328 2496 362 2577 in
385 2492 533 2577 Aegypto
563 2512 584 2554 a
606 2490 821 2577 popularibus
844 2492 1113 2578 suislapidatum
1137 2513 1191 2559 essa

153 2596 292 2662 tradunt.
314 2593 514 2679 Epiphanius
532 2591 571 2655 de
586 2593 654 2655 ‘vita
678 2599 710 2655 et
731 2593 823 2669 obitu
847 2560 1034 2681 prtlpbetar.
1058 2595 1102 2661 V.
1124 2593 1159 2660 T.
1169 2598 1192 2656 in

156 2698 243 2783 Opp.
266 2693 308 2758 T.
324 2700 354 2757 2.
379 2714 411 2776 p.
427 2699 500 2757 239.
521 2691 557 2756 ἐν
584 2688 739 2778 Τάφναις
759 2691 941 2780 Αἰγύπτου
965 2695 1195 2780 λιθοβοληθεὶς

152 2798 217 2871 ὑπὸ,
235 2797 295 2861 τοῦ
309 2793 393 2857 λαοῦ
409 2789 615 2871 ἐτελεύτησε.
659 2794 803 2859 Consule
824 2797 953 2860 omnino
971 2796 1145 2884 Curpzooia'
1157 2798 1196 2862 In

49 2982 50 2986 Ἰ
153 2900 289 2966 troduot.
309 2897 343 2958 in
363 2893 464 2957 libros
484 2890 530 2957 V.
553 2893 594 2958 Τ.
615 2891 653 2956 Ρ.
673 2901 702 2987 2.
728 2918 761 2980 p.
778 2901 840 2962 137
853 2907 924 2983 sqq.
968 2891 1036 2962 sad
1059 2899 1196 2985 lapidatio
1214 2892 1217 2901 '

154 3002 311 3067 Ieremiae
328 2994 417 3059 nullo
436 2995 555 3058 idoneo
579 2997 765 3063 testimonio
787 2999 910 3080 nititur,
932 3010 966 3063 et
982 3001 1115 3085 quinam
1127 3001 1196 3063 vitae

153 3105 259 3190 ipsius
274 3101 384 3164 exitus
396 3098 504 3178 fuerit,
529 3117 593 3160 non
616 3108 752 3161 constat.
772 3093 1006 3187 ἐπρίσθησαν]
1031 3122 1126 3168 serra
1146 3102 1197 3167 da·

154 3210 245 3272 recti.
287 3201 366 3264 Erat
389 3196 468 3262 olim
491 3196 553 3261 boo
575 3195 835 3263 crudelissimum
859 3199 1012 3285 supplicii
1032 3225 1154 3289 genus,
1171 3209 1199 3264 nt

60 3374 61 3381 η
152 3325 284 3372 reorum
294 3298 350 3364 vel
363 3300 563 3384 captivorum
578 3319 715 3383 corpora
728 3300 762 3361 in
781 3300 862 3362 duas
881 3311 993 3385 partes
1014 3316 1199 3382 separentur,

153 3420 219 3471 tam
234 3402 319 3488 apud
333 3399 516 3480 Hebraeos,
539 3420 634 3486 quam
654 3399 739 3483 apud
755 3398 900 3466 Graecos
920 3412 953 3468 et
967 3401 1133 3469 Romanos
1146 3405 1201 3468 usi·

153 3521 255 3572 tanim
268 3524 300 3567 v.
314 3500 406 3573 Iudrl.
425 3507 474 3581 19,
490 3505 580 3585 29.-1
601 3499 688 3564 Sam.
707 3506 758 3582 15,
770 3507 822 3567 33.
845 3502 930 3567 Dan.
947 3508 977 3584 3,
996 3511 1050 3570 29.
1073 3501 1201 3571 Tertull.

154 3606 328 3694 Apologet.
343 3625 371 3667 c.
387 3594 418 3666 3.
442 3602 575 3668 Sueten.
591 3601 635 3666 V.
653 3601 759 3688 Calig.
775 3626 803 3668 c.
818 3609 870 3669 27.
896 3602 1009 3669 Valar.
1026 3603 1120 3672 Max.
1135 3617 1165 3674 9.
1178 3613 1203 3670 2.

153 3722 186 3776 4.
209 3708 325 3773 Horat.
351 3703 418 3766 Sat.
440 3710 469 3782 l,
489 3709 518 3766 1.
534 3710 575 3768 99
588 3725 637 3789 sq.
667 3702 733 3790 Dio
750 3698 885 3770 Cassius
902 3703 943 3768 L.
952 3709 1010 3769 68.
1028 3729 1062 3792 p.
1076 3713 1150 3774 786.
1171 3708 1204 3771 ‹le

65 3789 67 3795 Ι
100 3866 106 3879 .
154 3804 389 3885 rebellantibus
402 3804 437 3866 in
450 3804 568 3867 Africa.
585 3802 713 3869 ludaeis
736 3804 796 3869 sub
819 3803 979 3870 Traiano:
1009 3809 1158 3885 πολλοὺς
1176 3810 1206 3876 δὲ

156 3913 214 3978 καὶ
235 3908 356 3994 μέσους
371 3899 439 3968 α’νιό
461 3904 608 3991 κορυφῆς
623 3904 782 3988 θιὲπριον.
806 3926 838 3969 ν.
857 3907 1062 3974 Gatackerus
1075 3905 1207 3973 Advers.

61 4076 77 4105 ἡ
155 4000 252 4078 illiso.
269 4005 379 4072 Postb.
392 4015 425 4090 p.
438 4008 492 4069 45.
505 4015 539 4066 et
552 4003 722 4071 illitotlriur
736 4007 777 4070 arl
791 4006 823 4070 h.
841 4005 864 4069 l.
887 4005 1088 4093 Interpretes
1103 4010 1208 4094 plures

157 4114 328 4197 opinantur
341 4117 486 4170 nostrum
502 4105 538 4166 in
549 4116 656 4169 mente
670 4105 823 4171 habuisse
838 4108 988 4191 lesaiam,
1010 4114 1067 4197 qui
1079 4112 1209 4176 testibus

156 4210 355 4302 'lalmudicia
375 4202 587 4292 scriptoribus
607 4206 651 4290 (v.
674 4208 870 4277 Wetrtem'm
885 4209 926 4275 ad
946 4211 977 4277 h.
996 4211 1019 4277 l.
1035 4223 1070 4277 et
1086 4212 1213 4282 (ἔπαξε
