2604 4746
338 325 495 404 curun
520 328 598 402 111.
635 350 672 405 v.
702 333 759 403 ll.
787 331 844 405 12.
1048 334 1119 407 105

10 495 50 569 tls
95 495 175 559 sessio
192 491 382 561 transfertur
397 493 438 557 ud
455 489 640 559 felicitatem
656 494 690 557 in
704 514 804 578 reguo
818 491 984 559 Messiano
999 513 1121 580 exspe·
1190 523 1193 531 ·

10 616 55 656 eut
94 593 211 659 tendam
221 614 253 659 v.
266 592 352 678 Eph.
369 601 467 675 1,14.
491 592 608 657 1l’etr.
627 600 657 674 1,
669 603 702 659 4.
724 594 871 679 Koppt’as
885 593 927 657 ad
935 591 1008 657 Gal.
1022 599 1053 675 3,
1071 601 1121 660 18.

94 693 140 759 lm
150 693 289 761 formula
300 692 517 782 εἰσέρχεσθπι
529 687 578 768 εἰς
593 691 653 772 τὴν
666 690 878 758 κατάπαυσιν
893 695 951 759 τοῦ
968 695 1053 760 θεοῦ
1065 694 1122 781 de-

10 808 61 855 na
96 791 183 876 daret,
213 806 389 882 conpotem
406 795 495 874 fieri
512 792 691 872 fela'o'tatis
718 816 741 858 o
761 792 1051 890 Demostratus,
1088 808 1124 861 ut

10 913 63 954 'ert
96 890 182 960 llrttlr.
201 903 255 978 19,
276 901 327 982 tt„
350 889 565 982 ἐσέρχεσθαι
585 887 634 969 εἰς
652 892 717 973 τήν
734 893 822 974 ζωήν
834 896 1128 984 porttopeotfien'

93 992 240 1069 fcdoiats's
255 1003 406 1084 perenis
428 994 473 1059 id.
483 993 543 1081 ·qd.
565 988 776 1080 εἰσέρχεσθαι
791 990 841 1071 εἰς
863 992 925 1076 τήν
944 994 1124 1082 βασιλείαν

10 1110 30 1146 ῑ·
64 1138 67 1165 ι
96 1094 232 1164 miesco
257 1097 340 1163 Luc.
353 1102 406 1177 24,
425 1100 479 1159 27.
501 1089 672 1161 εἰσελθεῖν
687 1091 739 1171 εἷς
758 1093 820 1174 τήν
834 1093 936 1174 δόξαν
956 1094 1062 1165 αὐτοῦ
1078 1101 1126 1166 od

10 1207 67 1268 [¹¹²1
96 1202 266 1264 metuisse
281 1204 347 1284 ipss·
361 1199 685 1293 destitutomseeac're
702 1193 735 1258 ln
756 1217 786 1261 e.
804 1197 846 1262 ad
861 1218 1008 1282 regnum.
1057 1198 1144 1263 Sed·
1263 1262 1271 1269 .

12 1286 67 1353 for
95 1296 171 1363 aden
188 1293 585 1370 formulaeucsoieavotc
601 1290 662 1362 τοῦ
677 1293 764 1361 Θεοῦ
785 1299 882 1364 etiam
900 1297 955 1363 hic
973 1298 1126 1365 substitui

10 1382 67 1451 '¹¹¹1'
92 1412 172 1481 petest
183 1419 325 1480 sensus,
352 1408 388 1461 ut
405 1397 529 1462 indicet
545 1400 680 1481 patim
699 1413 728 1461 s.
739 1394 939 1473 soledetates·
953 1422 1016 1488 pao
1031 1400 1125 1468 Dee

10 1476 64 1551 ¹³³
87 1501 268 1584 mestus,
290 1496 365 1579 vel,
386 1500 568 1594 melones·
582 1516 645 1582 pso
659 1494 752 1562 Deus
765 1495 907 1579 fractas.
958 1499 1049 1565 lncst
1061 1503 1125 1588 igi·

10 1587 61 1677 ,i‘l
86 1612 122 1666 tur
135 1601 213 1669 lmie
234 1596 395 1667 formulae
415 1597 547 1683 dilogiti·
599 1594 643 1660 Et
658 1596 815 1683 epistolae
834 1603 980 1667 conditor
999 1616 1069 1689 cap.
1091 1610 1124 1684 ³,

10 1680 51 1746 ’δι’
81 1708 319 1769 nascamus
339 1711 389 1765 est
409 1699 451 1764 ad
465 1695 709 1785 significandam
728 1706 863 1785 quietem
884 1723 912 1767 s.
924 1703 1126 1781 felets‘tatest

10 1799 42 1889 ξ’
73 1822 153 1887 μη
163 1802 264 1870 Dm
277 1804 460 1869 destitueret
472 1799 655 1878 Israelitis,
678 1818 733 1881 np.
748 1819 895 1868 securam
917 1815 950 1868 et
969 1805 1124 1893 tranquil-

10 1881 29 1939 ‘l
69 1900 351 1969 lsnl’alaestinae
363 1900 618 1986 possessionem,
638 1898 678 1963 de
694 1921 758 1986 qua
770 1904 866 1967 etiarn
878 1902 934 1967 Ps.
951 1911 1003 1973 95.
1017 1927 1125 1973 sermo

10 2001 16 2041 '
66 2017 124 2088 est,
155 2005 220 2071 ubi
242 2014 337 2068 uates
357 2000 536 2086 respiciens
557 2019 614 2080 aa,
642 2020 726 2086 quae
739 1998 836 2064 Num.
854 2009 907 2085 14,
924 2011 961 2069 21
977 2027 1049 2092 sqq.
1071 2012 1125 2086 32,

62 2111 97 2173 19
112 2128 163 2172 ss.
183 2105 362 2190 leguntur,
391 2099 565 2187 populares
580 2120 657 2163 suos
676 2101 817 2182 excitat,
842 2114 878 2166 ut
895 2105 1009 2169 damno
1024 2108 1127 2170 maic-

57 2228 126 2273 rum
143 2226 273 2293 sapere
292 2204 428 2269 discant.
470 2199 538 2265 Sed
552 2221 623 2283 oap·
637 2208 669 2267 4.
683 2199 740 2264 ubi
753 2222 785 2269 u·
798 2215 866 2268 not.
886 2217 995 2269 noster
1013 2225 1127 2270 vocem

53 2305 279 2382 ωτάπαυσις
291 2303 350 2369 voit
364 2301 447 2374 θεοῦ
459 2322 500 2365 eo
515 2321 614 2365 sensu
628 2302 729 2386 oepit,
751 2315 786 2365 ut
800 2316 888 2367 esset
899 2304 1052 2382 felicitas
1064 2327 1130 2391 pua

53 2408 150 2475 Dm
162 2398 387 2494 perfruitur,
419 2414 514 2490 atque
536 2401 703 2466 christiani
727 2406 899 2487 pervenire
918 2403 1066 2473 dicuntur
1086 2403 1130 2468 ad

26 2552 31 2563 -
51 2513 206 2598 quietem
221 2504 304 2586 Dei,
316 2566 319 2575 ,
331 2515 488 2592 quatenus
503 2514 759 2589 consequuntur,
782 2506 956 2591 participes
978 2504 1060 2571 fiunt
1078 2506 1128 2571 fe-

50 2608 193 2677 licitatis
208 2626 376 2686 summae,
397 2616 585 2691 perpetuae.
1070 2617 1074 2622 ’

140 2717 202 2777 12.
226 2703 394 2795 Epistolae
405 2717 519 2770 auctor
532 2707 589 2790 qui
600 2704 755 2771 hactenus
766 2705 890 2771 Psalmi
903 2704 1012 2771 verbis
1027 2705 1128 2771 lecto·

51 2834 108 2879 res
121 2832 216 2877 snos
231 2808 451 2886 admonuerat,
471 2825 514 2869 ne
526 2807 729 2872 imitarentur
741 2808 896 2871 maiorum
909 2828 1042 2872 suornm
1054 2829 1129 2892 per-

51 2915 277 2989 versitatem,
300 2908 357 2993 qui
369 2903 600 2971 beneficiorum
612 2903 678 2971 Dei
694 2909 898 2972 immemores
918 2921 952 2973 et
967 2921 1129 2973 contuma-

52 3036 133 3096 ces,
156 3010 323 3078 felicitate
339 3009 424 3092 ipsis
443 3005 602 3071 destinata
623 3007 837 3082 excidissent3
869 3009 935 3071 iam
956 3008 999 3069 in'
1008 3004 1131 3072 Psalmi

52 3113 171 3179 locum
194 3116 447 3187 commentam,
471 3102 537 3186 ita,
564 3117 601 3168 nt
616 3127 674 3170 eos
694 3105 842 3192 plurimis
860 3105 971 3171 verbis
993 3107 1036 3171 ad
1053 3129 1130 3172 con-

53 3225 209 3280 stantem
223 3207 395 3292 religionis
409 3205 604 3272 christianae
618 3208 854 3294 professionem
869 3208 1016 3271 excitare
1033 3222 1066 3274 et
1080 3211 1133 3274 in-

10 3294 13 3307 ¹
37 3324 41 3329 '
57 3317 167 3381 citare
187 3320 321 3398 pergat.
345 3306 507 3392 βλέπετε,
528 3304 673 3394 ἀδελφοὶ
686 3320 798 3376 cauete
809 3307 895 3373 codis
910 3308 995 3372 infra
1009 3315 1062 3391 12,
1079 3316 1131 3377 ts.

57 3412 291 3499 icwxomtu.
339 3406 464 3474 Blande
485 3429 543 3473 eos
560 3407 783 3494 compellatet
807 3419 903 3475 vocat
914 3409 1068 3495 fratres,
1090 3413 1133 3477 ad

58 3507 282 3602 mitigandam
304 3496 530 3577 admonitionis
554 3510 770 3574 severitatem.
798 3508 846 3595 μή
872 3531 953 3576 ποτε
976 3509 1073 3580 ἔσται
1094 3511 1133 3581 ἔν

10 3684 12 3701 ,
62 3637 132 3683 τινι
146 3612 249 3702 ὑμῶν
270 3607 396 3700 καρδία
416 3607 545 3695 πονηρὰ
567 3605 740 3697 ἀπιστίας]
766 3632 807 3677 ne
820 3611 921 3690 sorte
942 3616 1058 3700 clipeis
1077 3636 1133 3681 os-

10 3708 13 3737 *
62 3724 170 3787 sim
186 3719 327 3783 mistum
338 3714 453 3778 man
465 3720 500 3776 et
519 3712 714 3778 incredulum
724 3714 850 3799 prod&
862 3737 885 3779 a
895 3711 970 3778 Deo
981 3736 1058 3781 cero
1077 3718 1133 3784 dc-

10 3744 16 3897 l
57 3817 230 3900 flamm
252 3812 388 3901 quilibet
399 3812 527 3896 ipserit
541 3810 667 3877 alienus
684 3834 705 3876 a
719 3809 909 3894 diffidentia,'
928 3825 961 3878 et
975 3828 1075 3898 curet,
1095 3831 1134 3887 ut

10 3900 13 3965 ἵ
65 3916 125 3983 uti
142 3934 280 4006 queque
297 3912 340 3979 ab
360 3935 401 3979 ea
421 3915 485 3976 siut
502 3911 602 3977 aneni
619 3911 693 3977 0011.
715 3933 746 3977 v.
769 3919 819 3978 13:
852 3919 903 3994 10,
925 3921 977 3980 24.
1005 3924 1056 3999 12,
1081 3926 1132 3985 15.

67 4015 250 4100 multorum
265 4015 401 4094 animus,
421 4023 509 4079 metu
524 4016 793 4100 persecutionum,
814 4035 994 4100 propensus
1008 4029 1077 4085 erat
1090 4020 1132 4087 ad

69 4118 290 4183 mationem
310 4135 331 4179 a
350 4112 509 4202 religione
532 4115 706 4182 christiana
721 4137 754 4181 v.
768 4122 819 4198 12,
840 4123 891 4182 25.
913 4115 959 4201 μή
978 4141 1062 4187 ποτε
1077 4143 1131 4188 se·

70 4219 185 4305 quitur
200 4215 235 4282 lr.
254 4214 278 4281 1.
302 4215 499 4304 indicativus
512 4227 548 4281 ut
558 4214 662 4285 Mero.
681 4226 731 4302 14,
746 4223 777 4283 2.
800 4217 881 4282 Luc.
896 4226 946 4302 14,
961 4225 1013 4291 29.
1035 4224 1131 4289 etiam
