2604 4746
242 258 245 263 Δ
352 302 510 380 Cruor
544 301 592 376 X.
622 325 665 379 v.
689 309 752 378 27.
776 310 838 395 28.
1040 314 1115 388 311

90 480 119 530 ret
130 466 191 533 sere
206 471 272 535 vim
285 469 434 557 augendi,
457 481 490 532 et
503 467 731 533 adverbiorum
744 465 854 554 μάλα,
872 467 1018 562 σφόδρα,
1039 496 1116 560 par.

89 571 196 655 retegit,
221 582 257 633 ut
278 591 330 655 ap.
354 567 508 632 Aeschiu.
529 566 621 631 Dial.
638 573 670 648 3,
689 575 719 632 3.
742 569 814 645 δέος
828 558 862 635 ἓν
880 578 993 656 iugem
1007 584 1113 644 timor.

89 675 150 750 ,17.
171 667 319 750 γαληνὸς
342 691 390 744 τις
409 664 493 751 βίος.
534 667 627 732 Plato
647 666 791 734 Phaeca
807 692 835 735 c.
853 678 903 736 13.
934 670 973 738 οὐ
986 675 1114 762 φαῦλοί

89 792 137 845 ινες
158 792 220 848 νον
243 772 407 837 admodum
428 775 507 833 νονιι·
525 777 558 833 et
580 771 748 834 mendaces
769 771 793 832 i.
811 792 841 835 e.
859 773 1035 857 verissimi,
1057 798 1111 842 sa.

89 871 256 947 lentissimi.
278 869 365 934 Xen.
383 865 505 950 Cyn-8,
522 875 550 931 1.
569 873 618 932 16.
641 864 808 956 α’κρατεία
825 871 891 936 τινὶ
907 872 945 936 ob
966 897 1112 958 magnum

89 978 298 1037 continentiae
313 973 462 1036 etodium.
482 967 636 1033 Aeschiu.
652 966 741 1031 Dial.
757 976 830 1050 2,1.
854 970 887 1035 τὶ
903 972 1112 1058 ἐξαπατῆσαι

89 1078 183 1153 ,rregte
193 1071 334 1150 follere.
379 1070 524 1135 Graecos
540 1067 657 1143 imitati
670 1081 744 1132 sunt
758 1072 856 1136 etiam
869 1071 977 1138 hocin
990 1099 1112 1164 genere

89 1173 178 1252 atini,
202 1183 238 1233 ut
262 1173 331 1255 Cic.
351 1194 409 1258 pro
429 1169 543 1252 Ligur.
565 1175 597 1232 2.
631 1169 829 1235 incredibilia
856 1177 983 1258 ςνίιίονν
1009 1203 1111 1247 amor.

89 1262 141 1349 rat,
158 1278 189 1351 2,
208 1275 261 1334 74.
288 1273 402 1338 Crassi
412 1289 597 1355 responsum
611 1271 802 1336 excellentie
816 1276 978 1340 comedam
993 1288 1043 1342 eet
1061 1288 1112 1347 ta·

88 1376 142 1436 νοΐ.
162 1370 229 1433 Att.
246 1375 278 1450 7,
297 1375 349 1434 16.
370 1371 467 1434 audio
484 1374 636 1434 mucorem
651 1373 805 1455 quendam
822 1376 857 1438 ι’νι
875 1379 953 1439 arbe
965 1384 1111 1446 timorem

89 1491 127 1534 ιι.
170 1467 334 1556 Exempla
361 1467 457 1554 plura
484 1465 594 1531 attulit
620 1469 795 1536 rotcherus
818 1472 853 1534 iu
876 1471 947 1537 Iud.
969 1475 1110 1547 Graecit.

88 1569 201 1634 eschin.
224 1569 284 1634 sub
307 1591 339 1633 ν.
365 1568 428 1648 τὶς,
450 1579 481 1632 et
498 1570 533 1631 in
547 1567 741 1633 Animadvv.
756 1569 798 1634 ad
820 1573 957 1640 Wellere'
968 1575 1110 1648 Gramm.

88 1668 125 1734 ol.
143 1677 175 1734 2.
196 1691 230 1754 p.
249 1676 308 1735 134
321 1692 377 1756 sq.¹
413 1667 586 1733 Caeterum
604 1681 692 1733 recte
711 1671 935 1735 animadvertit
951 1675 1111 1764 Βιλλαῖον,

88 1768 185 1857 οβερολ
212 1769 333 1856 ἐκδοχή
361 1769 496 1856 κρίσεως
525 1767 759 1853 significantius
786 1770 905 1836 dictum
935 1796 1009 1842 esse
1038 1804 1110 1866 pro,

90 1871 167 1958 δοχῆ
186 1866 321 1956 κρίσεως
334 1868 496 1956 φοβερᾶς,
518 1882 552 1931 ut
566 1869 815 1955 intelligeretur,
836 1872 944 1956 ipsam
958 1877 1023 1942 iam
1047 1904 1109 1946 ex.

87 1973 282 2036 lactationem
311 1969 490 2034 sententiae
520 1968 675 2033 terribilis
705 1968 783 2036 olim
812 1971 959 2058 futurae,
987 1977 1110 2049 habere
1233 2004 1236 2009 ·

87 2094 125 2136 ros
140 2094 184 2137 ex
200 2082 288 2136 metu
302 2071 471 2134 cruciatus.
485 2069 554 2133 οιαὶ
568 2067 670 2153 πνρός
687 2069 785 2149 ζῆλος
798 2073 998 2149 traferoene
1012 2084 1110 2149 sicuti

87 2181 146 2240 οἰκ
171 2171 274 2251 ζῆλος
290 2171 376 2257 quod
394 2168 434 2235 de
449 2167 516 2233 olla
535 2168 692 2249 bulliente
715 2169 835 2255 legitur
850 2193 903 2258 ap.
920 2174 1054 2245 Homer.
1068 2183 1109 2249 ll.

94 2279 163 2340 349.
186 2271 380 2337 transfertur
400 2269 450 2346 ati¹
464 2270 627 2335 fervorem
648 2271 750 2334 animi
765 2272 851 2354 irati,
873 2285 909 2337 ut
921 2274 993 2342 Act.
1010 2286 1109 2360 5,17.

87 2364 277 2454 ιλήσθῆσαν
295 2370 396 2451 ζήλου
409 2374 454 2436 od
466 2378 549 2437 iram
565 2378 692 2437 ι’νιοποι·
702 2380 786 2436 eunt.
828 2373 871 2438 Et
884 2375 934 2438 ira
947 2375 1014 2444 Dei
1030 2402 1107 2447 sae-

87 2497 119 2539 us
134 2496 206 2539 cum
220 2475 296 2557 igne
314 2473 476 2536 confertur
490 2493 521 2534 v.
537 2471 682 2557 Zephau.
698 2478 728 2552 3,
743 2478 775 2537 8.
799 2479 828 2554 1,
844 2480 896 2539 18.
917 2475 977 2541 Επ.
987 2487 1039 2564 22,
1056 2491 1110 2550 31.

86 2575 179 2642 >diro
193 2573 271 2653 Dei,
296 2595 356 2659 pro
374 2574 489 2656 poenis
506 2573 624 2636 divinis
640 2585 846 2656 memoratur,
863 2596 997 2660 quorum
1011 2584 1111 2649 etiam

87 2674 227 2741 mbo'lum
244 2676 331 2760 ignis
346 2685 397 2736 est
412 2672 453 2736 cf.
472 2674 515 2737 ad
531 2671 646 2736 Matth.
660 2678 693 2752 3,
709 2678 759 2736 11.
774 2697 808 2759 p.
823 2680 876 2740 68.
895 2676 946 2742 ed.
963 2687 995 2746 3.
1015 2696 1120 2748 uota.¹
1225 2665 1230 2673 ’

86 2823 93 2842 .
130 2774 253 2843 Verbis
266 2776 364 2859 igitur
380 2771 483 2855 πυρός
507 2769 608 2852 ζῆλος
631 2772 788 2839 indicatur
810 2797 918 2860 poena
938 2784 1109 2846 severissi-

86 2900 110 2943 ο.
152 2875 299 2941 Verbum
324 2868 452 2939 ἐσθίειν
474 2893 667 2953 consumere,
688 2875 728 2938 de
752 2876 827 2960 igne
850 2877 992 2961 positum
1019 2892 1110 2944 extat

86 3002 100 3041 ν.
112 2977 248 3045 Homer.
263 2974 303 3040 Il.
321 2977 373 3055 23,
392 2980 462 3039 182.
491 2970 623 3048 ποίντας
645 2966 711 3060 πῦρ
735 2970 851 3040 ἐσθίει.
893 2974 1110 3044 Alexandrini

86 3090 237 3164 terpretes
251 3076 316 3140 hoe
331 3075 431 3140 verbo
450 3066 676 3160 explicuerunt
691 3073 794 3136 Hebr.
811 3067 880 3139 butt
896 3073 979 3139 Gen.
993 3085 1109 3160 40,17.

86 3193 143 3243 eut.
157 3184 210 3258 32,
226 3184 278 3240 22.
301 3176 387 3262 quod
400 3175 475 3239 aliis
491 3178 526 3239 in
536 3174 620 3239 locis
631 3180 819 3257 cupresserr
875 3175 987 3241 verbis
1002 3201 1110 3244 κανα-

85 3277 231 3364 cyconiae
251 3275 351 3340 Deut.
371 3283 423 3357 32,
441 3284 492 3342 22.
522 3270 715 3342 ἀναλίσκειν
736 3273 794 3336 Επ.
814 3184 877 3383 g
888 3279 943 3342 45.
972 3279 1110 3366 φλέγειν

86 3401 112 3442 x.
126 3387 178 3460 24,
196 3383 246 3442 17.
271 3373 377 3440 καίειν
389 3377 453 3440 les.
469 3382 499 3457 5,
517 3383 570 3441 24.
591 3366 787 3448 ὑπεναντίος
813 3346 958 3459 llesych.
974 3378 1110 3467 ἐχθρός.

85 3479 100 3542 l.
112 3474 315 3557 ἀντίπαλον,
335 3475 497 3555 ἐναντίον,
518 3473 645 3563 ἐχθρὸν
659 3473 725 3539 vid.
747 3473 787 3538 do
810 3473 872 3539 hac
892 3496 973 3541 voce
991 3480 1109 3548 Aller-

85 3587 113 3645 ’νε
126 3592 158 3644 et
173 3575 311 3655 Wolfice
324 3576 365 3638 ad
380 3575 413 3640 h.
426 3576 452 3640 l.
467 3579 523 3664 qui
537 3588 625 3641 recte
642 3586 844 3656 annotarunt,
867 3596 907 3640 ea
926 3599 990 3642 non
1005 3579 1109 3666 signi·
1186 3600 1190 3609 ·

85 3682 140 3743 ¹cari
161 3677 304 3744 occultos
327 3674 449 3740 hostes.
490 3675 706 3741 Alexandrini
727 3675 925 3741 ludaei·hoc
946 3679 1108 3747 vocabulo

85 3778 255 3850 addiderunt
270 3775 377 3859 Helu.
401 3778 477 3862 2le
501 3776 607 3839 Lavit.
632 3779 684 3854 26,
713 3781 763 3839 16.
792 3787 835 3855 nu}
855 3775 954 3842 Deut.
977 3786 1030 3863 32,
1052 3788 1106 3848 27.

85 3871 122 3938 ον.
133 3885 179 3960 26,
194 3885 243 3943 11.
273 3875 502 3962 Intelliguntur
521 3876 553 3941 h.
568 3875 592 3941 l.
616 3874 739 3941 Christi
762 3888 976 3945 contemtores
995 3894 1028 3945 et
1049 3883 1107 3947 de-

84 3979 209 4042 omres:

139 4082 183 4143 28.
203 4079 456 4165 Argumentatur
480 4062 619 4158 s'criptor
638 4049 658 4137 a
680 4077 798 4147 minori
818 4079 859 4142 ad
881 4080 997 4162 maius,
1018 4093 1054 4146 ut
1068 4091 1107 4168 ,2,
1229 4158 1232 4163 ,

87 4173 143 4260 ltq-
160 4198 217 4265 quo
234 4182 438 4245 atrocitatem
458 4195 646 4260 poenarum,
669 4175 886 4243 defectoribus
908 4193 942 4246 et
965 4194 1107 4252 coutem-

722 4274 1003 4379 ΑΑο2,
