2604 4746
418 292 583 377 curor
607 295 677 370 tv.
714 314 751 369 v.
781 302 813 369 1.
1077 308 1147 378 115

55 472 130 541 tur,
155 455 291 524 Psalmi
305 455 329 522 l.
345 456 368 523 l.
387 458 426 523 de
441 458 502 523 hac
518 463 627 548 quiete
638 480 703 524 non
719 481 793 524 esse
806 482 999 545 sermonem,
1020 465 1080 530 sed
1097 468 1148 530 in·

51 559 180 648 telligi
211 570 366 644 oportere
386 561 528 645 quietem
550 582 615 649 qna
629 559 723 624 Dens
744 563 936 647 perfruitur,
958 563 1146 632 felicitatem

53 660 259 724 coelestem
282 659 390 744 (quam
412 672 445 723 et
462 659 667 725 Abrahamns
690 675 904 747 exspectasse
926 663 1042 729 dicitur
1060 667 1147 730 inira

28 769 112 844 ’11,
131 761 212 847 10.)
229 771 266 825 et
276 757 336 824 illa
351 758 530 825 cohortatio
546 757 740 825 'christianos
756 783 885 850 quoqne
903 778 1028 849 spectat
1043 774 1074 848 3,
1092 773 1144 833 13.

47 861 126 926 Fas
152 881 248 946 ergo
273 871 324 923 est
343 881 405 925 vos
428 859 540 926 verbis
561 855 629 926 illis
650 861 752 928 divini
770 866 855 929 vatis
875 862 1011 953 alloqui:
1034 866 1144 949 hodie,

40 984 135 1051 ,cum
151 959 238 1027 Dec·
248 981 356 1026 cccest
376 966 590 1048 peroptato,
602 974 675 1028 cnm
695 965 886 1028 excitemini
909 963 950 1027 ad
968 964 1145 1031 doctrinam

46 1062 201 1128 Christi
215 1072 401 1126 constanter
416 1059 640 1147 profitendam,
661 1060 763 1127 nolite
780 1066 906 1128 animos
921 1077 1047 1129 vestros
1067 1088 1143 1153 per-

47 1167 206 1231 vicaces
219 1161 368 1244 reddere,
388 1183 430 1226 ne
446 1162 611 1227 felicitatis
625 1160 777 1227 coelestis
792 1166 947 1228 iacturam
962 1164 1100 1230 faciatis.

45 1286 52 1296 ·
147 1269 186 1329 1.
213 1259 323 1347 Negat
337 1275 430 1342 vates
448 1274 652 1327 contumaces
668 1264 709 1327 ad
723 1261 912 1327 felicitatem
928 1262 994 1328 Dei
1006 1286 1144 1349 perven-

47 1375 159 1427 turos
176 1383 269 1443 esse,
293 1367 325 1444 3,
340 1368 392 1427 11.
406 1369 457 1429 19.
472 1373 506 1425 at
520 1362 607 1427 idem
620 1363 794 1450 populares
815 1385 893 1428 suos
909 1385 929 1427 a
943 1369 1145 1432 contumacia

50 1463 269 1528 dehortatur
282 1468 314 1541 3,
330 1467 382 1527 15.
398 1483 444 1526 ex
465 1482 529 1549 quo
547 1474 635 1526 recte
651 1461 815 1550 colligitur
828 1486 886 1528 eos
899 1465 956 1552 qui
969 1461 1045 1528 Deo
1064 1465 1144 1532 obe·

51 1565 169 1646 (liant,
197 1565 329 1650 quietis,
349 1560 513 1626 felicitatis
526 1584 592 1651 qua
606 1561 700 1626 Deus
713 1565 889 1648 perfruitur
901 1567 1078 1651 participes
1091 1567 1142 1631 lc·

53 1687 114 1740 re;
139 1675 249 1752 atque
267 1663 349 1728 adeo
365 1663 409 1727 ad
424 1683 486 1728 nos
504 1684 633 1750 quoqne
650 1663 825 1728 admonitio
845 1662 903 1729 illa
919 1661 1069 1751 σήμερον
1083 1665 1145 1735 icis

55 1789 91 1832 κ.
108 1789 143 1832 τ.
162 1767 201 1831 λ.
211 1765 352 1850 pertinet
366 1763 411 1848 (3,
428 1764 494 1849 13.)
507 1761 582 1828 Deo
599 1761 870 1848 obtemperantes,
893 1764 1034 1831 divinam
1048 1767 1145 1833 Chri·

56 1870 103 1932 sti
117 1867 309 1930 doctrinam
322 1862 730 1950 constanterprofitentes,
752 1867 981 1951 perveniemus
1005 1867 1048 1929 ad
1070 1867 1145 1933 leli·
1264 1903 1273 1919 ·

56 1971 206 2034 citatem
217 1963 394 2029 coelestem
408 1962 475 2028 Dei
490 1962 669 2029 cultoribus
685 1963 877 2031 destinatam
891 1979 923 2030 et
936 1969 1143 2051 promissam.

56 2065 288 2159 φοβηθῶμεν
303 2056 619 2151 οὖν-ὑστερηκέναι]
642 2086 809 2131 concursus
825 2072 941 2149 ίςίίυτ,
965 2089 1033 2132 cura
1052 2068 1144 2137 nodis

56 2173 192 2236 relicta
215 2172 261 2232 sit
276 2172 459 2259 proscissio,
481 2187 539 2230 nos
554 2173 770 2252 perventuros
789 2187 859 2230 ecce
881 2169 927 2232 ad
937 2166 1143 2246 felict'totest

55 2276 182 2357 ἰμείυε,
207 2286 249 2331 tce
265 2272 334 2351 quit
347 2274 486 2331 υεείνιινι
501 2266 604 2331 censs
621 2270 747 2332 ccciccc
761 2265 827 2331 cidi
838 2269 1001 2333 videatur.
1026 2269 1142 2357 φοβη-

57 2370 195 2452 emen
207 2366 313 2430 innuit
331 2364 503 2431 sollicitam
522 2363 601 2430 mali
620 2365 757 2430 cavendi
773 2387 881 2431 curam
904 2367 1058 2452 (accat,
1075 2370 1142 2458 17.)
1224 2446 1241 2456 ,-

57 2470 148 2534 alias
178 2467 304 2552 legitur
323 2459 606 2555 φυλαττώμεθα,
634 2463 832 2550 βλέπωμεν,
860 2465 1089 2554 ἐπισκοπῶμεν
1109 2476 1142 2551 3,

59 2577 116 2635 12.
142 2571 274 2649 12,15.
300 2564 518 2632 καταλείπειν
538 2575 627 2629 notat
646 2567 841 2652 relinquere,
863 2567 1145 2638 καταλείπεσθαι
1225 2622 1229 2629 .

58 2674 229 2755 velasqui,
251 2685 419 2732 remancre
438 2665 527 2731 Xen.
552 2664 627 2748 Cyn·
645 2669 676 2745 3,
698 2673 728 2729 1.
745 2670 775 2729 6.
805 2668 923 2732 παισὶν
942 2668 1143 2756 ἐλευθερίαν

56 2768 275 2836 καταλιπεῖν
287 2778 362 2851 post
374 2779 518 2833 nortem.
540 2764 704 2830 Plutarch.
721 2763 786 2830 ΡΡ.
801 2766 841 2831 Ε.
857 2774 888 2850 7,
906 2774 956 2835 13.
973 2767 1143 2857 χρήματα.

59 2871 141 2936 add.
163 2868 233 2932 Sir.
251 2873 372 2948 11,19.
401 2865 537 2931 Herodi.
554 2870 585 2946 3,
601 2870 652 2931 15.
669 2868 701 2931 7.
730 2863 844 2949 Polyb.
867 2890 901 2954 p.
916 2873 989 2932 867.
1021 2867 1079 2931 δαί
1099 2867 1141 2935 cti

58 2967 154 3054 μήτε
180 2967 255 3042 τοῖς
275 2962 447 3052 Ῥωμαίοις
475 2961 592 3031 ἐλπίδα
613 2960 889 3032 καταλείπεσθαι.
917 2967 983 3030 vid.
1008 2967 1141 3054 Rapite-

59 3073 127 3137 littc
144 3067 251 3134 Obss.
267 3066 406 3151 Polybh.
423 3079 456 3132 et
471 3066 666 3132 Wetctcm'uc
679 3063 768 3130 adh.
782 3064 806 3131 l.
849 3066 917 3131 Sed
938 3068 1143 3136 καταλιπεῖν

61 3168 239 3263 significat
257 3171 356 3232 etiam
377 3170 551 3250 neglegere,
571 3167 722 3232 deserere
740 3164 830 3230 Xen.
854 3165 899 3231 H.
919 3164 978 3230 Gr.
992 3172 1025 3249 7,
1041 3173 1072 3234 5.
1088 3175 1141 3235 18.

47 3292 99 3337 ,ει
120 3255 334 3357 καταλείψει
355 3254 558 3354 ἐρήμους
519 3287 572 3342 αις
586 3253 678 3344 ἦλθε
698 3259 883 3385 σίμμαχμς
910 3215 1047 3333 Herotli.
1062 3273 1142 3348 3,3.
1239 3281 1241 3287 “

65 3377 120 3437 12.
135 3366 263 3434 milites
278 3363 524 3443 καταλιπόντες
539 3364 602 3445 τήν
615 3363 966 3454 φρουριίνφεύγαυσιν.
988 3368 1062 3433 add.
1077 3368 1144 3433 Ba-

65 3471 161 3536 rnclt.
185 3475 314 3552 4,1.1.
348 3469 414 3534 Str.
430 3472 482 3548 23,
495 3474 548 3533 22.
584 3465 659 3530 Act.
675 3469 707 3544 6,
722 3472 753 3530 2.
791 3465 1032 3553 2Petr.2‚15.
1075 3468 1143 3533 Sed
1182 3482 1188 3499 ·

66 3574 223 3658 μήαεειυζ
231 3572 397 3635 notionem
411 3569 447 3633 ln.
460 3565 484 3631 l.
499 3565 747 3653 praeferendam
762 3585 849 3646 esse,
865 3570 1023 3632 orationis
1037 3572 1142 3633 series
1191 3580 1196 3586 '

67 3674 150 3736 satis
166 3681 281 3755 aperte
297 3671 403 3735 docet.
447 3665 576 3744 Quodsi
596 3687 713 3732 sensns
731 3664 904 3732 verborum
926 3680 1028 3732 esset:
1049 3664 1143 3757 spre-

67 3780 105 3838 ta
122 3762 359 3857 memsam,
381 3768 588 3833 scribendum
608 3767 739 3831 luisset:
774 3764 904 3852 μήποτε
929 3768 1142 3836 καταλείπων

68 3865 392 3961 ἐπαγγελίαν-δοκῇ
410 3865 478 3946 τις,
506 3882 543 3933 ut
561 3870 717 3935 Piscator
736 3864 770 3933 et
788 3867 984 3934 Abrecclt'uc
1007 3876 1142 3933 monne-

69 3983 157 4035 runt.
200 3968 317 4057 Neque
333 3970 415 4034 adeo
429 3970 608 4035 andiendus
623 3966 893 4055 estCarpzcot'uc,
917 3972 973 4056 qni
987 3967 1145 4033 observa-

72 4072 129 4151 rit,
154 4067 491 4136 instituerentur
504 4072 538 4133 in
554 4066 714 4134 omnrhac
730 4066 868 4154 epistola
884 4071 1037 4134 denotare
1051 4089 1145 4156 sper·
1230 4121 1232 4127 ,

74 4189 165 4251 sete,
186 4173 363 4257 neglegere,
385 4171 472 4259 qnod
493 4190 534 4235 ne
554 4170 1159 4354 verumqnidemHest,nam11,27.'

872 4275 892 4334 2
