2604 4746
359 262 366 273 ’
438 279 596 356 Garun
620 278 672 351 ll.
709 299 747 352 v.
777 282 833 349 lt.
1119 279 1166 346 7⁷
1287 360 1291 369 ἱ

106 452 231 540 pheltiae
240 445 506 515 Obesldorodot.
523 442 563 508 ad
577 443 610 507 h.
622 440 645 505 l.
668 440 781 506 Verba
795 451 900 504 autem
914 433 974 502 τόν
986 435 1026 501 τό
1043 431 1168 521 κράτος

112 549 230 638 ἔχοντα
252 549 313 616 τοῦ
338 545 495 614 θανάτου
510 568 538 610 t.
557 567 585 609 τ.
601 546 631 610 δ.
651 540 896 624 daemonologia
913 536 1106 601 Iudaeorum
1126 535 1166 627 1¹:

111 652 235 716 lustrat.
275 648 414 714 Scilicet
428 646 551 727 ludaei,
574 644 630 730 qui
647 643 809 721 satanam,
824 642 993 725 geniorum
1009 636 1168 702 mhlorum

112 754 305 837 prinoipem,
333 747 459 813 hostem
480 747 610 831 generis
630 744 762 807 humani
781 740 1089 826 perniciosissimum
1110 738 1193 807 han

114 851 243 933 bebant,
275 871 350 914 eum
374 850 471 912 etiam
489 847 585 909 morti
605 844 784 928 imperare,
806 861 866 903 neo
888 850 1009 903 tantum
1031 850 1170 903 mortem

113 954 312 1037 repentinam
324 947 433 1014 multis
446 941 630 1010 hominibus
643 943 765 1006 inferre
775 961 807 1004 v.
821 937 906 1003 Tob.
921 945 952 1018 3,
969 945 1000 1003 8.
1016 940 1168 1024 Hepden·

113 1052 247 1118 rer'obr'ur
267 1061 302 1114 et
320 1051 435 1115 Potttte
451 1046 493 1113 ad
514 1052 531 1108 1
558 1041 634 1106 Cor.
656 1046 707 1123 10,
726 1045 776 1103 10.
805 1039 864 1102 sed
891 1041 1020 1103 omnino
1045 1043 1169 1127 siquis

67 1210 69 1217 .
113 1165 244 1216 mortem
259 1147 442 1213 naturalem
457 1144 604 1224 obiisset,
627 1164 700 1206 eum
722 1139 762 1204 ab
783 1138 845 1203 hoo
867 1141 964 1224 genio
985 1137 1070 1202 malo
1093 1162 1169 1224 per·
1217 1136 1220 1145 ⁴

112 1256 209 1316 missu
230 1251 343 1313 divino
365 1249 567 1309 interemtum
589 1264 663 1308 esse
677 1239 841 1328 putabant.
883 1238 936 1303 De
958 1237 1019 1302 hac
1032 1237 1170 1303 Iudaeo·

112 1375 176 1417 rum
196 1351 363 1416 sententia
392 1345 671 1432 operaepretium
693 1354 742 1405 est
763 1341 875 1426 legere
901 1361 984 1427 quae
1005 1344 1171 1409 annotavit

114 1453 199 1516 adh.
223 1450 249 1516 l.
272 1433 445 1516 Michaelis
465 1447 500 1506 in
517 1444 669 1508 versione
687 1442 784 1506 huius
803 1438 962 1526 epistolae
982 1441 1170 1506 vernacula.

114 1553 222 1616 Variis
246 1562 355 1614 autom
369 1544 553 1612 nominibus
572 1546 704 1629 genium
724 1542 843 1608 malum
861 1541 1047 1606 hominibus
1070 1544 1172 1607 vitam

113 1654 305 1716 adimentem
318 1644 563 1733 nuncupabant,
585 1656 620 1707 ut
639 1654 729 1710 natan
748 1636 842 1726 'nabin
855 1665 887 1708 v.
901 1643 1114 1726 Ldgbtfootttr
1128 1643 1171 1707 ad

114 1752 220 1816 ocor.
241 1754 367 1831 10,10.
389 1745 505 1838 ⁹3dess
527 1744 740 1831 (Ἀσμοδαῖος
761 1744 800 1810 τό
821 1743 971 1832 πονηρὸν
991 1742 1172 1828 δαιμόνων
1206 1818 1210 1828 Ι

115 1852 190 1917 Tob.
206 1857 238 1931 3,
256 1856 289 1914 8.
309 1869 342 1911 v.
353 1861 387 1912 et
408 1848 651 1928 Ενοοααοοιεοοι·
667 1848 850 1912 entdecdtee
870 1845 1060 1912 Iudentbuot
1080 1843 1118 1909 P.
1139 1849 1169 1907 1.
1227 1848 1229 1853 '

114 1977 139 2040 p.
159 1952 251 2035 823.)
283 1942 386 2037 5101112
407 1950 452 2033 (v.
469 1945 645 2024 Boxtorfit'
661 1944 747 2009 Lex.
763 1943 869 2009 Talm.
891 1968 924 2031 p.
939 1953 1031 2011 1495.
1051 1945 1171 2012 Eitea·
1275 1984 1278 1991 -

114 2073 238 2136 renger
253 2048 309 2115 tl.
326 2072 361 2143 p.
371 2054 434 2113 827
448 2049 531 2134 sqq.)
547 2044 677 2115 1101ιίοΗ
689 2043 732 2116 b:
748 2055 823 2111 ΨΜ
836 2057 935 2129 caput
949 2053 1083 2111 omnium
1098 2048 1184 2110 dem.

114 2155 250 2220 tolosa
267 2147 428 2213 Debarim
441 2147 556 2213 Babba
567 2146 624 2211 fol.
638 2153 711 2212 302.
726 2153 757 2208 2.
779 2144 835 2208 ubi
850 2145 947 2208 etiam
969 2146 1172 2228 interpositis

114 2256 221 2339 paneis
243 2249 380 2334 legitur:
408 2270 567 2336 nunqnam
584 2255 672 2313 inter
692 2268 798 2311 οιαιιοο
820 2244 963 2310 diabolos
985 2249 1081 2310 ullum
1104 2255 1173 2310 tom

114 2363 233 2442 inpium
259 2352 424 2432 offendes,
446 2371 538 2436 quom
557 2369 626 2413 eum
646 2353 704 2434 poi
723 2344 1043 2440 Sammaelooootnr.
1087 2345 1173 2411 Tar-

116 2477 182 2539 gum
198 2450 361 2518 Ionathan
383 2446 465 2512 Gen.
480 2454 511 2528 3,
525 2454 557 2513 6.
567 2460 603 2515 et
617 2451 699 2514 or'dt't
719 2450 832 2512 mulr‘er
850 2445 1058 2512 Sammaelem
1072 2470 1172 2530 ange-

117 2559 169 2621 bat
189 2559 318 2619 mortis.
361 2547 452 2612 Bava
467 2548 588 2613 Bathra
607 2549 631 2612 f.
655 2552 705 2613 16.
725 2553 754 2611 1.
777 2548 1094 2614 dinumeraret:
1116 2552 1173 2615 tlte

118 2665 158 2721 ert
176 2651 367 2721 Satan-ille
382 2659 431 2714 est
456 2653 586 2733 augelus
601 2655 724 2713 mortis.
767 2647 846 2712 Illas
867 2651 967 2734 igitur
978 2647 1174 2716 Iudaeorum

119 2757 204 2818 istius
219 2754 337 2818 aetatis
352 2751 523 2834 opiniones
537 2747 695 2834 epistolae
709 2761 820 2814 auctor
836 2749 869 2815 h.
882 2748 906 2814 l.
919 2752 1080 2834 respexit.
1107 2750 1171 2815 Po-

119 2858 171 2917 tuit
185 2851 331 2918 soribere
349 2842 409 2915 ἵνα
425 2847 482 2918 aad
504 2850 564 2915 τοῦ
577 2847 738 2916 θανάτου
753 2849 952 2941 καταργήσῃ
973 2851 1035 2918 τόν
1055 2848 1174 2917 θάνοι

121 2977 188 3036 τον,
219 2954 318 3018 siouti
343 2949 465 3015 Paulus
486 2955 506 3014 2
529 2948 615 3014 Tim.
639 2957 669 3031 1,
693 2958 742 3016 10.
770 2972 848 3016 usus
872 2965 921 3015 est
942 2950 1052 3014 verbis
1067 2951 1176 3030 Ἰησοῦ

124 3053 267 3140 Χριστοῦ
279 3049 557 3138 καταργήσαντος
571 3050 632 3116 τὸν
647 3049 814 3117 θάνατον.
860 3050 926 3113 Sed
940 3050 1023 3114 hano
1038 3053 1174 3115 oiroum-

121 3151 308 3218 locutionem
328 3149 390 3216 τὸν
406 3150 445 3217 τὸ
462 3149 588 3240 κράτος
604 3174 633 3218 α.
650 3175 679 3218 τ.
694 3154 724 3217 λ.
739 3163 849 3216 noster
864 3171 929 3214 nou
943 3173 1008 3215 una
1025 3151 1064 3216 de
1080 3174 1174 3218 caus·
1273 3210 1277 3214 .

123 3275 153 3318 sa
162 3251 318 3318 adhibuit.
344 3251 450 3318 Probe
463 3255 612 3317 nimirum
627 3275 750 3318 memor
764 3273 886 3331 eorum,
907 3272 989 3337 quae
1001 3274 1034 3316 v.
1048 3258 1078 3318 5.
1092 3258 1182 3338 sori,

123 3368 234 3438 pserat,
256 3352 384 3438 angelis
410 3374 475 3417 non
501 3375 576 3417 esso
605 3353 784 3418 subiectam
806 3350 870 3432 τήν
889 3346 1091 3434 οἰκουμένην
1111 3353 1174 3436 τήν
1232 3345 1235 3353 ’

123 3454 316 3535 μέλλουσαν,
335 3465 369 3517 ut
388 3454 451 3518 hoo
474 3453 591 3519 elarius
611 3465 809 3537 patesceret,
830 3454 1025 3518 mentionem
1041 3454 1074 3518 h.
1086 3454 1110 3522 l.
1123 3456 1174 3521 fa·

109 3556 158 3633 ,rit
176 3557 347 3641 geniorum
368 3552 524 3618 malorum
541 3553 714 3639 principis,
740 3559 795 3642 qui
815 3557 912 3619 etiam
935 3555 1175 3642 κοσμοκρατωρ
1231 3575 1232 3578 ’

128 3653 346 3746 (dbppbnpip),
363 3649 472 3740 ἄρχων
484 3655 542 3719 τοῦ
556 3651 684 3739 νόσμοιι
697 3654 817 3722 τούτου
838 3648 927 3743 (Εξῆν
943 3645 993 3721 btd
1010 3655 1069 3740 ’00)
1087 3657 1174 3720 dice-

129 3746 207 3817 batur
221 3766 255 3818 et
275 3751 456 3817 habebatur
475 3775 506 3841 p.
519 3753 590 3818 Ioh.
606 3761 656 3835 12,
673 3762 724 3821 31.
746 3755 919 3836 Bootorfie·
931 3756 1016 3820 Lex.
1031 3754 1172 3822 Talmm.

129 3870 154 3931 p-
173 3859 263 3919 1206.
293 3857 428 3939 eiusque
450 3855 517 3917 vim
541 3866 573 3918 et
594 3867 785 3939 potestatem
808 3879 868 3942 per
891 3839 1027 3920 mortem
1050 3853 1174 3919 Christi

130 3948 246 4017 fartam
259 3975 297 4016 ac
310 3953 510 4019 debilitatam
525 3975 599 4019 esse
609 3948 762 4020 affirmat.
796 3960 874 4022 Erat
890 3978 988 4043 porro
1007 3958 1104 4019 etiam
1117 3954 1172 4019 Iu·

134 4047 268 4116 daeorum
281 4056 392 4139 opinio
415 4076 435 4117 a
457 4057 555 4139 genio
571 4053 657 4120 malo
676 4061 801 4141 peccati
816 4061 973 4144 originem
990 4077 1063 4121 esse
1076 4078 1182 4142 repe-.

136 4150 259 4234 tendam,
280 4176 353 4223 eum
373 4155 520 4223 homines
540 4158 661 4243 primos
683 4157 726 4222 ad
747 4170 913 4244 peceatum
933 4157 1116 4241 seduxisse,
1138 4169 1173 4220 et
