2604 4746
412 318 579 430 cirne
603 322 679 427 ix.
706 373 743 430 v.
770 355 806 427 a.
913 382 920 392 ·
1067 357 1142 430 roe

115 532 138 585 rt
147 518 213 587 luc.
227 526 260 604 t,
273 525 326 586 24.
343 518 385 586 cf.
400 518 547 587 Veratius
562 518 603 583 de
617 516 836 583 chraismm.
853 512 896 580 N.
910 510 952 581 Τ.
965 538 1000 602 p.
1018 520 1079 583 136
1093 539 1141 605 sq.

111 623 254 689 Fecimus
277 621 319 686 ad
341 621 556 688 Leurdeee‘em
575 620 615 683 de
636 617 782 683 dialectis
795 614 853 682 N.
862 615 903 681 Τ.
920 639 953 701 p.
968 624 1022 682 42.
1043 618 1143 684 Bret-

107 723 262 789 sclaet'derc‘
272 721 423 786 Lexicon
438 723 473 784 in
489 719 592 784 libros
606 717 649 783 N.
659 716 701 783 Τ.
715 719 766 782 ed.
781 725 813 781 2.
826 716 886 782 snb
899 738 931 780 v.
946 717 1144 802 παραβολή,

105 835 185 886 rtnos
199 822 240 886 ad
254 821 369 887 Matth.
389 827 440 902 13,
458 829 490 888 3.
535 819 617 886 Cum
630 841 710 884 uero
731 820 829 882 etiam
852 819 945 902 ipsae
968 839 1023 882 res
1044 818 1145 882 aliam
1216 865 1219 872 ·

99 943 152 988 rein
162 922 283 988 referre
296 936 328 988 et
339 936 583 1009 repraesentare
597 922 739 1007 possint;
760 915 1002 1005 παραβολήᾐιο
1016 939 1144 1004 quoquc

95 1027 221 1107 ponitur,
243 1036 280 1086 ut
295 1023 426 1087 denotet
439 1032 557 1110 typum,
578 1023 758 1106 exemplar,
772 1018 920 1102 figuram
932 1018 1067 1083 alicuius
1082 1024 1143 1083 rei.

95 1120 277 1207 Hesychius:
310 1121 413 1200 τύπος
435 1117 642 1209 πραγμάτων
670 1113 843 1205 ὁμοιίοσις.ι
875 1119 931 1182 Sic
956 1110 989 1183 h.
1011 1118 1144 1185 1.ἰι1οιιι
1263 1120 1266 1129 '

95 1222 167 1288 salet
180 1225 267 1312 quod
283 1221 485 1308 ὑπόδειγμα,
498 1220 580 1289 estol
593 1228 625 1302 8,
640 1227 671 1287 5.
694 1226 746 1299 10,
765 1226 794 1283 1.
815 1219 895 1282 Erat
910 1231 1018 1283 autem
1033 1218 1144 1283 taber·
1276 1257 1279 1264 ·

95 1322 187 1387 naculi
211 1335 387 1403 structura,
410 1334 442 1388 et
467 1324 616 1387 introitus
634 1318 798 1406 pontificis
828 1341 901 1383 cum
930 1320 1145 1405 sanguinein

95 1414 228 1506 adstum,
255 1427 375 1510 imago,
394 1422 597 1488 adumbratio
618 1422 770 1485 introitus
798 1421 1044 1506 praestantioris
1064 1440 1145 1504 pon·

95 1522 195 1606 tificis,
225 1524 365 1606 Christi,
394 1525 429 1588 in
451 1522 578 1588 coelum
598 1526 777 1594 ν.11.12.
803 1542 871 1606 quo
898 1517 1145 1606 comparabatur

95 1623 151 1687 sine
182 1625 370 1689 discrimine
400 1624 549 1690 omuibus
578 1621 715 1686 liberius
737 1631 771 1683 et
799 1619 1015 1686 confidentius
1033 1620 1146 1686 Deum
1175 1627 1180 1634 ’
1223 1650 1228 1663 ·

95 1723 221 1788 adeundi
242 1737 400 1811 potestas.
419 1717 471 1798 εἰς
489 1722 552 1789 τόν
573 1719 692 1810 καιρὸν
715 1719 776 1787 τόν
795 1718 1012 1807 ἐνεστηκότα]
1034 1723 1145 1807 imago

95 1834 133 1888 ast
147 1828 192 1891 ud
204 1825 396 1912 turcosque
406 1830 563 1911 tempore.
605 1821 787 1909 ‘Celaletae
810 1825 909 1887 etiam
922 1822 1147 1889 tremamus

95 1945 140 2009 per
155 1922 216 1990 τόν
230 1945 260 1989 κ.
273 1947 302 1990 τ.
316 1923 421 1991 mcor.
433 1924 599 2011 intelligit,
608 1916 747 2008 'tempus
759 1914 927 2008 praeseus,
948 1925 1035 1987 vitae
1050 1945 1145 2007 prae·
1242 1939 1253 1962 ·

95 2027 194 2107 unm,
212 2027 377 2097 terrestris
391 2039 532 2112 tempus,
545 2036 582 2093 nt
593 2025 655 2089 hoc
671 2036 798 2108 tempus
812 2038 994 2109 opponatur
1007 2025 1146 2109 tempori

95 2123 206 2208 lutnro,
230 2119 368 2199 coelesti
388 2126 591 2213 sanctuario,
604 2124 699 2212 .qnod
723 2123 873 2188 Christus
895 2127 1063 2213 ingressus
1083 2112 1145 2204 est,

95 2224 230 2290 lelicitati
242 2229 393 2311 perenni3
416 2224 466 2304 εἰς
479 2227 577 2291 vertit
583 2225 667 2306 fter,
689 2226 826 2294 inservit
842 2226 988 2313 imagini.
1016 2214 1096 2288 'sed
1110 2234 1164 2288 ut·

94 2324 254 2392 soussime
268 2329 392 2392 monuit
407 2325 452 2393 V.
464 2327 507 2392 D.
520 2330 554 2391 iu
567 2327 717 2409 Begerra·
726 2324 926 2402 Archicshr
940 2329 992 2392 die
1013 2326 1146 2392 Theolo-
1166 2330 1169 2335 ’

95 2433 136 2509 rte
151 2426 240 2493 B.·4.
266 2425 313 2491 St.
331 2433 361 2493 1.
382 2448 416 2512 p.
430 2430 482 2493 76.
505 2429 535 2492 si
557 2427 619 2492 hoc
644 2426 752 2490 dicere
774 2424 934 2491 uoluisset
956 2449 1008 2513 ep.
1023 2441 1146 2511 auctor,

95 2528 201 2594 ultum
214 2528 408 2608 Leviticum,
428 2530 464 2591 in
480 2528 543 2593 hac
557 2549 656 2614 quam
677 2527 823 2612 degimus
842 2529 911 2591 vita
933 2530 1080 2593 terrestri
1097 2531 1152 2618 ing

95 2631 207 2694 soture
243 2630 378 2720 imagini
408 2627 574 2693 felicitatis
599 2630 770 2714 perennis3
808 2624 932 2697 Christi
956 2631 1091 2696 introitu
1112 2635 1148 2695 iu

95 2730 211 2796 coelum
224 2726 331 2794 cultus
343 2728 401 2793 ille
412 2750 477 2793 non
492 2729 666 2815 abrogatus
681 2739 780 2805 esset.
820 2726 866 2792 At
884 2731 1023 2814 scriptor
1036 2732 1148 2797 noster

95 2828 220 2897 sllirmat
239 2831 363 2897 Christi
384 2843 521 2896 mortem
540 2829 750 2916 tranquillare
769 2827 834 2907 τήν
846 2826 1035 2910 συνείδησιν
1049 2854 1081 2897 v.
1095 2841 1146 2899 13.

95 2936 138 2996 14.
159 2939 209 3013 tu,
225 2939 279 2997 22.
301 2942 397 3015 atque
413 2933 460 2995 ita
478 2933 552 3016 ipsc
568 2929 723 3010 declarat,
742 2930 917 2996 inchoasse
942 2934 1008 2996 iam
1030 2931 1149 3017 καιρόν

95 3028 296 3120 διορθώσεως
313 3053 347 3096 v.
366 3036 415 3098 10.
441 3031 482 3095 cl.
505 3035 602 3097 etiam
620 3037 652 3112 8,
667 3037 697 3095 8.
718 3030 867 3096 Baream
884 3031 1043 3117 explicat:
1066 3056 1148 3120 paee

96 3131 335 3217 qs'dsnfigaro
349 3144 400 3199 est
413 3124 582 3218 introspice
594 3129 653 3194 doe
667 3149 828 3215 praeseus
849 3135 872 3197 i.
889 3155 919 3196 e.
935 3132 978 3196 ad
997 3132 1059 3198 hoc
1078 3155 1148 3198 ma·

98 3234 183 3299 nine·
196 3227 269 3320 (sed
289 3233 330 3298 τὸ
345 3239 486 3298 maxim
504 3229 615 3296 verbis
630 3229 816 3319 intruditur)
837 3236 1147 3347 tempushpertinens

100 3331 140 3417 (ut
151 3331 199 3412 εἰς
211 3346 315 3413 notet:
337 3336 422 3420 paud
438 3339 560 3411 uuiaet
574 3335 629 3412 ud,
648 3343 686 3394 ut
698 3336 731 3412 7,
750 3333 825 3417 14.),
852 3336 941 3411 circa
958 3335 1045 3422 qnod
1063 3337 1148 3402 dona

102 3446 128 3497 et
137 3436 293 3503 sacrificia
308 3434 496 3499 oderantur.
538 3433 595 3498 Ex
612 3433 789 3513 Gerhurds‘,
809 3432 884 3499 Sel.
902 3433 1065 3519 Schmidti',
1079 3432 1149 3507 Mt·-

103 3534 205 3604 chesn
218 3537 261 3602 ud
273 3539 393 3617 Petra,
407 3532 662 3618 Baumgortenii,
677 3533 878 3621 aliorumque
894 3540 1064 3620 sententia,
1075 3560 1150 3604 ver-

105 3630 194 3715 hars'e
210 3635 271 3704 τὸν
285 3633 401 3722 καιρὸν
415 3657 445 3699 τ.
455 3634 501 3701 ἰν.
520 3635 762 3720 interpretanda
786 3648 860 3699 sunt
880 3637 921 3703 de
944 3651 1089 3724 ternpore
1104 3641 1150 3707 V.

107 3731 139 3802 l.
152 3751 221 3805 ante
235 3737 410 3818 Christum,
433 3757 516 3817 cum,
535 3747 572 3798 nt
588 3735 764 3801 Michaelis
778 3736 941 3821 observat,
963 3751 1090 3824 tempus
1106 3741 1149 3808 N.

111 3831 141 3900 ’1.
154 3851 294 3905 anostro
308 3860 369 3924 per
383 3859 511 3901 omnem
527 3836 698 3923 epistolam
714 3836 839 3902 dicatur
857 3839 985 3923 μέλλον
995 3840 1152 3919 fetarum

114 3945 235 4020 s.1,14.
257 3944 335 4020 2,5.
355 3943 388 4019 6,
404 3943 436 4004 5.
478 3936 545 4002 Sed
558 3950 594 4001 ut
614 3939 761 4002 exomni
781 3941 937 4006 orationis
960 3926 1073 4005 tenore
1094 3966 1151 4029 ap-

115 4051 201 4122 Ptrct,
220 4042 359 4125 scriptor
380 4039 519 4124 typicam
539 4038 629 4103 illam
647 4038 787 4125 Spiritus
801 4038 836 4104 S.
848 4043 1151 4129 manifestationem,

119 4149 167 4201 nou
177 4149 292 4205 tantm
305 4139 347 4204 ad
359 4138 600 4205 tabernaculum
608 4138 726 4222 Musis,
742 4143 877 4228 eiusque
890 4155 1028 4209 aetatem
1039 4147 1151 4229 refert,

95 4304 98 4335 Ι
122 4229 313 4319 'cunctum
327 4239 368 4307 ad
379 4239 532 4329 templum
545 4261 577 4304 v.
594 4252 659 4306 uot.
676 4242 717 4307 ad
731 4249 762 4324 8,
778 4251 825 4332 2.;
847 4243 956 4328 mahat
971 4249 1056 4331 enirn
1069 4261 1151 4315 teme
