2632 4740
133 281 182 368 12
476 287 640 366 Canon
673 294 703 369 1.
736 315 777 370 v.
804 298 840 370 3.
943 325 945 329 ’

131 472 162 546 8,
177 469 207 529 1.
219 445 261 526 ah
273 452 438 524 ἐκάθισεν
454 458 623 543 cogitando
642 457 774 545 adiungi
792 457 889 526 debet
904 454 1022 527 ἔαυτόν
1034 457 1120 548 qnod
1131 459 1193 544 ad·-

130 566 231 630 ditum
247 561 368 647 legitor
383 556 512 625 Aelian.
540 556 584 624 Η.
604 559 647 625 V.
666 568 699 643 4,
718 567 771 626 22.
798 567 830 643 7,
852 569 881 626 1.
910 558 1055 646 Thucyd.
1070 563 1188 647 12126.

131 661 338 743 καθίζουσιν
354 657 411 725 ἐπὶ
428 656 489 726 τὸν
505 657 636 746 βωμόν·
664 659 721 725 uhi
740 659 841 726 schol.
860 657 998 739 ἑαυτούς
1014 651 1202 744 δηλονότι.

128 767 272 834 Thomas
283 761 373 848 Mag.
388 756 536 843 καθίζω,
557 758 598 827 osi
608 758 713 846 μόνον
725 760 805 828 ἀντὶ
817 763 878 829 τοῦ
897 757 1015 851 ἕτερον
1033 763 1116 829 ποιῶ
1126 783 1189 826 κα·

127 867 255 948 θίζεικ,
276 861 369 930 ἄλλοί
380 862 440 929 καί
453 859 608 948 ἐμαυτόν.
627 863 694 928 vid.
706 862 875 932 Ammius
887 864 929 930 ad
940 864 972 929 h.
983 863 1007 929 l.
1020 867 1191 946 Drea'gs'oa

129 968 170 1034 de
179 954 278 1033 V-M.
290 986 323 1050 p·
336 969 408 1051 299.
428 964 573 1049 Scriptor
586 963 744 1050 epistolae
756 977 885 1031 nostrae
899 987 1028 1051 semper
1039 964 1102 1029 hoe
1113 985 1189 1030 ver·

97 1087 98 1092 ’
129 1069 206 1134 hum
225 1061 460 1152 significatione
480 1065 615 1131 cedenda·
628 1064 868 1149 adhibuisse,
885 1075 913 1132 1.
942 1072 993 1147 10,
1008 1074 1059 1132 12.
1089 1072 1141 1148 12,
1156 1071 1190 1130 2.

36 1203 38 1210 ⁸
127 1166 402 1236 Formulaautem
417 1167 531 1232 sedere
549 1168 596 1233 od
615 1169 750 1234 alicnus
762 1170 932 1248 dextram,
959 1170 1045 1233 inter
1057 1165 1123 1249 alia
1136 1189 1190 1234 so·

75 1350 76 1353 ,
128 1270 423 1356 oietotemeispets'i
438 1265 576 1347 indicat,
596 1279 633 1331 nt
650 1267 704 1334 Pa.
719 1274 790 1350 110,
806 1275 838 1334 1.
855 1267 971 1334 Matth.
986 1276 1103 1352 20521.
1125 1268 1190 1335 abi

127 1357 222 1460 pinna
236 1368 374 1454 hanoin
391 1387 462 1431 rem
480 1363 739 1451 observavimus,
765 1368 806 1434 oi.
820 1371 918 1434 etiam
929 1370 1191 1437 Rosenmilllerm

126 1475 163 1538 in
189 1466 332 1534 Scholiis
357 1466 407 1530 ad·
422 1465 476 1531 Pa.
495 1465 519 1531 l.
539 1489 566 1533 e.
586 1466 760 1555 Knoppios
778 1469 919 1557 Opnseo.
939 1469 1030 1536 Dias.
1051 1471 1091 1536 de
1111 1470 1191 1536 I'esn

55 1640 57 1644 ,
95 1609 98 1623 ·
128 1571 259 1642 Christo
273 1567 314 1631 ad
326 1567 474 1632 denham
485 1565 552 1631 Dei
571 1568 704 1633 sedente
722 1592 756 1656 p.
768 1578 811 1638 43
824 1593 872 1660 sq.
893 1572 1023 1636 Etenim
1038 1572 1074 1634 in
1093 1569 1190 1635 soliis

128 1671 278 1738 sedentes
297 1671 478 1756 cogitantur
494 1670 719 1756 magistratus,
741 1671 884 1753 iudices,
905 1692 1021 1758 reges,
1041 1683 1096 1736 aut
1116 1692 1192 1736 oum

18 1851 21 1857 ,
126 1777 297 1859 imperant,
319 1781 374 1833 aut
386 1771 439 1833 ina
456 1769 579 1851 dieunt,
600 1782 655 1835 aut
670 1769 809 1857 gloriam
818 1774 1084 1859 maiestatemque
1096 1794 1192 1838 suam

128 1882 299 1952 ostentant,
314 1880 348 1934 et
360 1891 432 1934 cum
444 1868 525 1935 haee
538 1873 645 1938 omnia
657 1893 769 1937 saonae
781 1872 897 1939 literae
912 1874 1008 1938 etiam
1021 1874 1061 1938 ad
1068 1871 1191 1954 Deum,

126 1997 239 2062 regem
250 1970 518 2059 potentissimum,
536 1971 1071 2059 eandemquesupremnmiudioem
1082 1986 1189 2039 trans·

19 2152 21 2159 ,
79 2112 86 2118 -
126 2078 242 2157 ferant,
264 2069 476 2160 quiinooelo
494 2069 609 2136 throno
628 2073 769 2138 insideat
780 2072 833 2136 Pa.
847 2077 879 2154 9,
893 2079 923 2139 8.
948 2081 999 2158 11,
1010 2084 1042 2142 4.
1063 2075 1191 2159 ingenti

37 2218 41 2223 -
126 2176 221 2242 turba
233 2166 452 2240 ministrorum
469 2173 606 2258 stipatus
621 2171 731 2255 leno,
746 2182 775 2239 1.
803 2173 906 2260 Apoo.
923 2182 952 2257 1,
964 2184 996 2240 4.
1010 2187 1106 2261 atque
1117 2173 1152 2238 h.
1164 2171 1191 2238 l.

126 2278 220 2344 Iesus
232 2274 377 2340 Messias
395 2273 519 2336 dicatur
538 2275 652 2338 sedere
673 2275 714 2338 ad
734 2274 883 2340 dextram
900 2274 981 2343 Dei:
1006 2278 1042 2339 in
1060 2285 1193 2361 promtu

26 2379 28 2385 ’
107 2390 109 2394 ’
128 2389 178 2444 est
195 2375 386 2441 sententiam
397 2372 531 2456 imagini
542 2365 679 2438 subesse
691 2373 790 2440 hano:
800 2388 916 2462 negnat
927 2398 1000 2442 oum
1011 2374 1098 2458 Deo,
1112 2397 1190 2462 pro·

125 2469 252 2544 ximum
269 2472 310 2538 ab
330 2493 369 2536 eo
381 2470 489 2553 locum
501 2475 680 2558 occupavit.
720 2474 1098 2562 RecuperavitChristus
1110 2476 1191 2541 hea-

126 2580 251 2642 titatem
262 2585 295 2638 et
309 2574 507 2660 dignitatem,
528 2595 591 2659 qua
603 2575 668 2639 iam
681 2586 754 2639 ante
765 2578 917 2643 mundum
930 2579 1091 2644 eonditum
1102 2579 1191 2664 apud

126 2678 255 2744 Patrem
267 2677 400 2760 gavisus
416 2686 485 2739 erat
497 2673 567 2739 loh.
582 2679 632 2755 17,
647 2679 677 2740 5.
690 2674 747 2739 nbi
758 2699 790 2740 v.
804 2690 929 2761 notata,
939 2681 1023 2744 add.
1037 2685 1069 2762 6,
1082 2685 1135 2744 62.
1149 2700 1204 2744 ιιι
1222 2697 1225 2701 ’

124 2790 294 2865 praeterea
312 2774 374 2839 hoo
392 2777 536 2856 virthtis,
566 2778 780 2860 constantiae,
808 2781 982 2864 patientiae
1007 2780 1200 2865 praemium,

124 2879 199 2944 tulit
210 2875 295 2942 Phil.
308 2882 367 2956 2,8
381 2896 430 2962 sq.
444 2875 526 2960 Eph.
542 2882 571 2956 1,
585 2881 627 2940 20
639 2897 689 2963 sq.
701 2889 736 2939 nt
748 2882 939 2944 constitutus
952 2881 995 2944 sit
1007 2900 1071 2943 rex
1084 2891 1118 2943 et
1130 2878 1189 2941 do·

124 2983 231 3046 minus
249 2976 380 3066 generis
396 2974 527 3040 humani
546 2987 579 3039 et
598 2976 756 3042 ecelesiae
777 2999 855 3043 snae
874 2981 940 3043 vid.
953 2993 1020 3044 not.
1033 2980 1075 3044 ad
1087 3001 1120 3043 v.
1135 2986 1188 3045 13.

119 3076 404 3158 ,etadMatth28‚
421 3082 470 3141 18.
485 3075 526 3139 of.
553 3077 915 3167 Oertele'i'Cltriotologe'e
937 3081 993 3146 Τί.
1014 3087 1044 3145 2.
1063 3102 1097 3165 p.
1110 3083 1188 3146 436..

70 3232 74 3238 .
113 3168 197 3256 Ι394.
211 3187 284 3247 729.
309 3176 435 3245 Storn‘i
442 3177 628 3263 Erilirong
645 3181 677 3245 d.
690 3179 804 3260 Briefs
816 3203 860 3246 aa
877 3184 929 3248 die
947 3180 1052 3247 Reor.
1064 3203 1098 3266 p.
1112 3184 1189 3246 667.

121 3280 307 3362 Ammonias
325 3286 359 3344 ia
378 3277 518 3345 balinet.
541 3278 707 3365 Theologt'e
722 3280 785 3346 Th.
801 3287 830 3345 1.
842 3303 874 3366 p.
889 3287 961 3346 227.
975 3302 1108 3346 sensum
1121 3281 1190 3347 loci

27 3458 30 3469 ·
121 3377 205 3443 Phil.
220 3386 251 3459 2,
260 3385 309 3442 11.
323 3379 368 3441 ita
380 3379 560 3443 constituit:
581 3378 676 3444 Iesos
688 3385 758 3447 kam
769 3381 853 3447 anci
865 3389 972 3448 seiher
983 3382 1188 3455 hilteran

67 3550 71 3561 ,
119 3490 259 3560 torvam
270 3478 518 3553 IIimmelherab
531 3479 783 3564 anfdieErde‚
810 3482 1041 3550 aadnoohder
1060 3483 1188 3556 Vallen-

120 3582 208 3663 dang
231 3585 335 3645 oetaeo
356 3580 517 3647 incitantem
534 3580 658 3658 Berafs
675 3581 788 3648 keltrte
810 3604 848 3648 er
867 3604 907 3648 κκ
926 3589 1034 3648 ιείκικ
1050 3592 1189 3667 eorigeo

129 3682 263 3762 Wtrde,
280 3684 329 3747 als
342 3693 449 3748 erster
462 3685 546 3747 oller
554 3680 784 3764 geschofflnen
799 3683 930 3750 Ges'ster
942 3688 1072 3750 aurach.
1095 3684 1189 3771 Ope-

16 3780 18 3785 ’
122 3804 179 3847 rae
197 3784 337 3868 pretium
356 3794 408 3853 est
425 3781 488 3846 huo
506 3782 681 3846 transferre
700 3781 802 3847 verba
822 3783 973 3871 Knapps
989 3782 1135 3869 Opusoo.
1153 3808 1187 3871 p.

123 3889 165 3950 64
184 3906 232 3970 sq.
260 3885 457 3966 „Saoterum
476 3882 643 3947 literarum
667 3896 824 3968 perpetua
850 3885 997 3948 doctrina
1019 3883 1103 3949 haee
1123 3898 1188 3967 est,

123 3981 287 4049 Christum
298 4007 319 4051 a
331 3981 406 4047 Deo
418 3994 510 4068 patre
525 3985 691 4077 aoeepisse
705 3985 886 4070 imperium,
908 3985 1069 4076 huiusque
1080 3987 1189 4071 impe-

121 4084 165 4164 sii
177 4095 296 4149 tantam
308 4105 382 4150 esse
396 4083 648 4171 amplitudinem,
661 4096 698 4148 nt
710 4083 767 4149 ille
780 4107 844 4149 non
856 4106 958 4172 regna
969 4083 1076 4154 solum
1086 4086 1191 4152 huius

121 4194 286 4268 terramus
299 4186 384 4260 orbis
396 4207 456 4263 aaa
467 4187 500 4253 in
512 4196 673 4276 potestate
686 4197 720 4255 et
730 4185 853 4272 ditione
863 4185 1000 4272 habeat,
1020 4186 1082 4255 sed
1095 4188 1192 4276 quio·
