2632 4740
128 388 130 395 .
209 329 258 398 52
395 352 398 358 ·
503 289 1019 414 ι(ῖιιιιί11.-(.ιι.ι

58 512 62 524 ι
171 533 176 543 .
209 489 378 570 coniuncta
389 485 429 550 ad
443 485 645 551 indicandam
658 483 882 551 miraculorum
895 486 1020 570 copiam
1033 494 1068 571 et
1077 483 1299 569 varietatem,

188 654 193 659 ,
209 599 244 650 ut
263 586 332 651 Iob.
348 596 381 668 4,
393 593 446 651 48.
470 585 543 649 Act.
563 593 601 666 2,
614 590 679 648 22.“
693 593 713 649 2
727 585 802 650 Cor.
817 591 868 666 12,
882 592 932 649 12.
956 579 1088 668 πνεῦμα
1112 577 1215 668 ἅγιοι
1234 584 1271 645 in

17 724 21 733 Α
61 699 64 703 ’
103 768 107 773 ⁴
208 686 356 771 pluribus
368 685 411 752 N.
426 685 466 758 T.
481 685 564 748 locis
577 685 692 748 dicitur
706 687 838 771 spiritus
852 686 997 765 divinus,
1023 687 1079 769 qui
1095 681 1270 768 multiplici
1298 706 1302 712 ·

156 854 157 857 Ἴ
210 786 335 850 auxilio
349 785 525 872 Apostolos
539 797 571 848 et
583 784 775 863 christianos
793 784 937 871 reliquos
958 783 1147 863 adiuvabat,
1171 784 1271 868 eique

208 888 327 970 omnia,
339 909 421 972 quae
434 887 474 968 ad
485 886 734 972 promovendam
742 884 1064 971 amplificandamque
1076 881 1272 968 religionem

89 1073 92 1079 Ι
124 1048 128 1062 ,
209 987 414 1050 christianam
432 988 563 1067 faciunt,
586 985 820 1064 adscribuntur.
862 987 906 1050 H.
920 987 943 1050 l.
955 987 1087 1071 πνεῦμα
1100 979 1199 1069 ἅγιοι(
1209 1005 1271 1068 per

120 1150 124 1161 ,
209 1091 434 1172 metonymiam
453 1108 587 1151 caussae
609 1106 669 1172 pro
695 1087 830 1168 effectu,
857 1088 978 1150 indicat
996 1082 1271 1172 Spiritus-Sancti

195 1179 304 1283 dona,
319 1185 513 1276 χαρίσματα
531 1188 591 1251 τοῦ
608 1182 707 1272 ἁγίου
718 1187 910 1304 ‘sosipater
932 1188 963 1272 (1
981 1185 1056 1250 Cor.
1074 1192 1114 1249 12
1114 1185 1196 1270 „4.)
1216 1185 1270 1246 vis

189 1287 339 1353 ‚divinae
352 1289 550 1368 effectiones,
572 1290 793 1372 omnosuires,
815 1286 996 1366 facultates,
1016 1287 1164 1366 virtutes,
1185 1292 1270 1371 quae'

208 1386 397 1451 bominibus
410 1409 469 1472 per
485 1386 678 1476 religionem
703 1387 908 1452 christianam
927 1387 1081 1466 divinitus
1090 1386 1267 1468 continge·

209 1485 296 1550 bant.
346 1487 378 1551 A
397 1485 559 1572 theologis
587 1488 732 1558 dicuntur
753 1488 855 1551 dona
862 1489 919 1573 Sp.
947 1487 981 1552 S.
1009 1471 1271 1550 extraordinaria

105 1661 109 1670 1
179 1650 185 1659 ,
209 1600 242 1651 et
255 1588 430 1653 ordinaria.
463 1586 648 1670 Corpulisse
660 1588 785 1652 iuvabit
801 1611 883 1675 quac
896 1589 1002 1652 hanc
992 1608 1110 1651 mrem
1124 1583 1270 1669 disputa-

209 1687 418 1773 vitKoppc'ur
437 1684 521 1768 Erro.
537 1694 567 1753 5.
590 1691 625 1750 iu
642 1709 693 1772 ep.
711 1688 753 1751 ad
772 1688 892 1774 Gabp
913 1693 974 1753 120
989 1709 1037 1775 sq
1059 1673 1125 1749 vid.
1137 1696 1171 1748 et
1183 1683 1271 1746 mira

126 1872 128 1876 Ι
209 1793 290 1868 6,4.
310 1793 360 1866 10,
373 1793 424 1851 29.
438 1774 556 1850 notata.
600 1786 772 1852 Caeterum
789 1789 979 1874 respexisse
997 1787 1131 1868 videtur
1144 1807 1197 1871 ep.
1188 1807 1270 1848 .·au

210 1897 279 1949 ctor
299 1886 331 1950 h.
348 1886 377 1949 l.
389 1889 485 1950 etiam
497 1887 539 1964 ad
552 1909 591 1972 ea
605 1909 687 1973 quae
706 1887 779 1951 Act.
794 1896 824 1952 2.
843 1889 1004 1973 leguntur.
1046 1887 1159 1951 Iudaei
1177 1883 1270 1949 Mes·

210 1988 278 2077 siae
293 1987 533 2071 temporibus'
503 2009 568 2052 vrm
581 1989 748 2052 divinam'
737 2011 772 2051 ιιι
784 1988 969 2054 bominibus
984 2009 1020 2052 se
1033 1987 1181 2072 inprimis
1200 1981 1270 2047 effi-

104 2097 132 2154 .'
208 2108 320 2169 cacem
336 2075 556 2172 praebituram
575 2111 649 2154 osse
671 2090 885 2175 sperabantur.
900 2102 966 2171 not.
987 2090 1029 2153 ad
1040 2085 1155 2152 Matth
1171 2090 1202 2166 3,
1217 2091 1269 2149 11.

88 2211 93 2219 “
209 2207 242 2271 p
233 2192 308 2252 68
332 2188 382 2251 ed.
396 2194 427 2252 3.
418 2210 540 2273 .quare
553 2203 664 2254 nostor
676 2191 772 2253 etram
784 2211 968 2274 πνευματος
979 2210 1076 2274 ακιου
1087 2207 1272 2274 μεριομοος

135 2304 137 2307 ’
210 2285 480 2350 commemoravit.
523 2287 760 2353 Pronomen‘
715 2312 829 2370 αυτου,
841 2311 900 2375 pro
916 2311 979 2375 quo
1000 2292 1035 2352 in
1052 2284 1271 2353 nonnullisli·

211 2385 279 2448 bris
301 2408 320 2448 e
342 2386 536 2470 glossemate
554 2387 673 2473 legitur
691 2389 849 2455 τοῦθ(
796 2412 867 2476 (ου,
887 2392 1041 2476 pertinet
1047 2389 1089 2453 ad
1105 2409 1166 2452 τοο
1148 2385 1275 2450 Θεοῦ

210 2470 297 2568 qubd
308 2487 498 2568 praecessit,
518 2508 583 2551 non
595 2500 630 2566 ut
648 2488 843 2576 Corpzooiur
856 2489 936 2571 vult,
958 2491 999 2554 ad
1010 2489 1111 2553 verba
1123 2483 1273 2571 πνεύμα-

208 2591 269 2656 τος
281 2579 389 2667 ἁγίου,
410 2587 472 2652 etsr
486 2594 502 2651 1
519 2586 594 2652 Cor.
611 2597 662 2669 12,
676 2597 727 2655 11.
744 2591 800 2677 Sp.
809 2591 843 2654 S.
860 2602 985 2708 quoque
1000 2590 1083 2652 dona
1095 2587 1272 2651 distribue·

90 2719 103 2728 -
209 2702 248 2745 re
261 2682 398 2760 dicatum
421 2687 533 2757 durum
547 2693 632 2754 enim
645 2690 676 2756 b.
689 2688 713 2754 l.
725 2691 810 2755 foret
828 2689 932 2756 αὐτου
918 2690 986 2753 ad
999 2711 1053 2754 ιιν.
1066 2687 1120 2771 dy.
1132 2689 1272 2768 referre,

117 2835 137 2883 Ι.
211 2802 284 2845 cum
295 2805 355 2867 per
368 2805 494 2849 omnem
509 2792 663 2868 orationis
676 2794 794 2856 seriem
805 2790 844 2857 de'
858 2790 943 2872 Deo,
956 2791 1062 2870 Patre,
1075 2799 1188 2852 auctor
1202 2793 1273 2875 epi·

212 2881 336 2947 stolae
334 2883 494 2971 loquatur.
525 2890 616 2954 κατοὶ
640 2889 703 2970 τήν
722 2889 826 2957 αὐτου
808 2891 991 2970 θέλησιν
1011 2897 1027 2954 1
1047 2888 1121 2953 Cor.
1146 2896 1199 2970 12,
1219 2897 1272 2954 11.

213 2981 330 3060 καθώς
344 2983 519 3081 βούλεται,
541 2988 582 3050 ad
599 3010 692 3055 suum
708 2992 885 3072 arbitrium,
907 2991 1120 3069 voluntatem,
1142 2992 1273 3074 sponte,

210 3078 327 3147 libere.
349 3083 498 3166 dilecte,
521 3089 615 3172 quod,
637 3103 673 3154 ut
686 3090 862 3157 Lobcclu'us
877 3091 922 3156 ad
935 3091 1105 3175 Pbrynicb.
1096 3113 1151 3176 .p.
1142 3095 1198 3157 .7.
1212 3091 1273 3155 ob-

163 3194 164 3197 ’
212 3161 365 3263 servavit,
388 3186 630 3272 ascriptoribus
642 3189 759 3256 Atticis
773 3213 838 3256 uon
849 3203 1031 3277 usurpatur,
1046 3204 1138 3256 extat
1147 3191 1273 3264 Ezech.

131 3298 133 3303 ·
214 3286 266 3362 18,
279 3276 331 3346 23.
354 3283 482 3371 (LXX)
497 3286 574 3374 Sap
590 3295 640 3369 16,
654 3296 705 3356 25.
727 3291 812 3356 ΤοΙι.
828 3297 879 3372 12,
894 3299 945 3357 18.

298 3388 328 3447 5.
349 3381 495 3470 Resprcrt
507 3410 558 3473 ep
549 3390 717 3454 condrtcr
729 3413 854 3477 quaev
845 3398 898 3456 ..3
913 3395 1106 3479 scripserat.
1122 3416 1199 3471 ητις
1210 3417 1273 3482 ap

193 3477 276 3566 ,χήν
296 3482 449 3566 λαβοοοα
468 3487 660 3556 λαλεῖσθαι
680 3491 754 3557 δια
774 3516 846 3559 τοο
871 3489 1040 3578 Κυρίου.
1084 3492 1273 3559 Cohaeren-

213 3583 261 3646 tia
279 3581 361 3649 haec
380 3597 442 3650 est:
464 3590 622 3671 quomodo
644 3612 705 3655 nos
725 3590 917 3711 effugiemus
939 3615 1093 3678 poenam,
1121 3595 1275 3681 neglecta

214 3680 371 3764 doctrina,
391 3706 488 3802 quam
501 3689 627 3772 angelis
638 3690 735 3776 longe
750 3695 908 3779 superior,
930 3715 1025 3780 quam
1035 3693 1194 3775 Dominus
1206 3707 1274 3761 tra·

214 3780 309 3855 didit;
331 3805 396 3876 non
415 3786 500 3849 enim
519 3788 661 3873 angelis,
684 3793 743 3855 sed
762 3792 836 3857 huic
854 3795 960 3859 eidem
980 3795 1108 3860 domino
1133 3795 1276 3861 subiecit

212 3867 361 3944 Deus
319 3904 384 3960 την
400 3877 595 3969 οικοομὲιιην
607 3889 669 3968 τήν
680 3892 868 3976 μέλλουσαι
885 3898 1030 3961 mundum
1040 3897 1207 3975 scirorum.
1229 3935 1275 3947 -

211 3979 417 4050 Heinmclmb
437 3983 527 4048 hoc
517 4008 551 4049 m
569 4007 665 4053 versu
680 4005 790 4056 auctor
801 3995 958 4058 rationem
974 3997 1111 4061 reddere
1129 3998 1274 4081 videtur,

213 4099 270 4142 cur
289 4080 355 4144 illis
374 4086 578 4174 potissimum
597 4092 716 4174 signis,
739 4115 867 4180 quae.
836 4117 867 4157 v.
886 4103 917 4159 4.
938 4110 1193 4179 memoraverat,
1214 4121 1275 4162 no-

211 4197 285 4243 vam
297 4169 770 4280 religionemcommendaverit
783 4191 893 4278 Deus,
917 4217 981 4285 uon
1001 4195 1194 4284 angelorum
1214 4222 1275 4286 ap-
