2604 4746
204 267 278 341 nc
475 259 640 338 orem
664 226 808 382 xm.-
827 284 866 338 v.
892 271 928 338 r.
955 270 993 340 s.

204 425 395 514 tempestive
422 427 492 502 τοῖς
517 424 714 512 ἡγουμένοις
739 423 839 512 ὑμῶν.
891 427 971 492 Sine
995 427 1116 492 idonea
1136 430 1243 502 ratione

202 526 348 593 nonnulli
360 529 483 612 opinati
497 539 583 608 suut,
601 530 636 591 iu
651 526 877 594 Hebraeorum
891 523 1032 593 ecclesia
1046 528 1110 592 hoc
1126 528 1244 594 honoris

164 622 168 629 ¹
202 632 332 694 uomiue
358 627 540 714 appellatos
568 628 669 690 fuisse
696 626 858 692 ecclesiae
880 638 1057 694 curatoies.
1101 628 1144 694 V.
1162 627 1245 694 lte

201 728 352 812 Bengclis'
372 728 495 793 Arelate
505 728 574 808 fttr
594 731 646 794 die
669 729 838 813 Theologie
850 727 890 793 B.
905 737 937 794 4.
950 750 984 813 p.
1000 733 1055 794 86.
1079 733 1244 816 suspicatus

202 841 253 893 est
267 828 457 914 scriptorem
472 831 635 892 antistites
660 832 845 894 nominasse
867 826 1087 915 ἡγουμένους,
1107 843 1143 893 ut
1161 830 1246 895 lecto·

99 942 103 949 “
183 951 255 993 .res
272 931 369 992 tacite
386 942 602 993 commoneret
617 929 657 993 de
673 930 860 995 discrimine
874 931 960 1017 quod
975 930 1193 995 intercederet
1208 934 1245 994 iu-

200 1043 250 1095 ter
271 1033 415 1114 ipsorum
435 1029 635 1114 praefectos,
665 1041 697 1093 et
717 1031 903 1115 sacerdotes
923 1028 1094 1111 Iudaicos,
1127 1052 1247 1116 quorun

200 1130 405 1217 splendorem
417 1129 502 1195 forte
516 1130 740 1193 desiderarent
753 1131 872 1213 i'n3suis
894 1128 1103 1197 antistitibus.
1147 1126 1247 1193 Plures

198 1235 393 1316 interpretes
410 1232 592 1315 opinantur,
614 1229 815 1315 ἡγουμένους
828 1229 860 1296 h.
876 1230 899 1295 l.
914 1240 1114 1295 memoratos
1131 1252 1171 1294 eo
1182 1243 1248 1294 ten·

197 1355 281 1419 pore
295 1343 434 1418 propter·
443 1317 641 1394 codstantem
658 1329 829 1416 religionis
842 1331 1084 1416 professionem
1098 1329 1247 1416 supplicio

197 1434 301 1498 fuisse
329 1414 500 1495 allectos·
534 1427 595 1493 Cui
621 1432 895 1514 interpretationi,
916 1443 951 1494 ut
979 1429 1038 1496 alii
1055 1443 1249 1496 *monuerunt

198 1537 306 1601 obstat
326 1532 417 1599 locus
442 1538 493 1611 12,
512 1539 543 1595 4.
565 1530 623 1595 uhi
636 1531 756 1597 diserte
773 1531 904 1617 legitur,
924 1530 1101 1597 Hebraeos
1120 1534 1250 1596 nondum

196 1658 299 1724 usque
314 1636 357 1700 ad·
372 1633 540 1718 sauguinis
556 1633 775 1717 profusionem
798 1633 955 1695 adversus
977 1632 1195 1697 desertionem
1209 1654 1250 1695 re·

196 1739 330 1803 stitisse.
372 1735 516 1800 Fuerant
546 1729 724 1818 ἡγούμενα
743 1732 793 1796 illi
827 1754 847 1795 a
868 1731 1040 1818 religionis
1065 1732 1250 1798 christianae

196 1836 392 1902 adversariis
409 1833 632 1899 vehementius
649 1834 764 1897 vexati
780 1854 811 1895 v.
832 1839 882 1912 10,
900 1839 952 1897 33.
975 1833 1037 1896 sed
1059 1833 1100 1897 ad
1118 1836 1204 1896 vitae
1218 1832 1250 1896 fi-

69 1930 71 1934 ’
135 1986 138 1993 ,
195 1955 270 1999 nem
281 1955 386 2021 nsque
398 1956 434 1998 se
450 1945 633 2013 constanter
646 1944 827 2018 gesserant.
849 1925 892 1997 ὧν
906 1929 1189 2018 ἀναθεωροῦντες
1199 1935 1255 2025 τήν

196 2033 335 2119 ἔκβασιν
349 2058 379 2098 κ.
392 2057 421 2098 τ.
438 2033 484 2120 λ.]
499 2054 629 2120 quoram
644 2035 818 2119 diligenter
834 2037 1077 2099 aponderantes
1101 2040 1191 2099 ettae
1201 2054 1250 2098 ra·

194 2144 291 2203 tronis
304 2145 428 2202 emtam
438 2135 542 2214 fidem
564 2139 742 2199 insomni.
765 2132 977 2218 ἀναθεωρεῖν
995 2135 1250 2218 ds'ls‘gcstcrper·

191 2236 334 2324 penderc
355 2236 421 2300 vid.
443 2233 611 2300 Marathus
633 2244 666 2297 et
688 2233 887 2300 Wctstenias
905 2233 946 2296 ad
959 2231 994 2318 h.
1008 2230 1033 2296 l.
1050 2251 1114 2296 uos
1131 2233 1174 2298 ed
1187 2231 1250 2296 Act.

195 2341 323 2418 1⁷,.23.'
356 2335 482 2400 Nomen
501 2331 637 2417 ’ἔκβασις
653 2333 740 2420 quod
760 2335 891 2423 erpuino
913 2340 1039 2400 exsiste
1057 2332 1195 2414 iudicat,
1216 2333 1250 2396 de

194 2439 287 2500 exitu
309 2434 389 2499 belli
415 2434 537 2521 legitur
562 2455 621 2520 ap..
644 2424 760 2516 Polyb.
779 2432 832 2514 ss,
853 2440 884 2499 8.
906 2439 938 2497 6.
975 2433 1016 2496 de
1045 2437 1142 2498 exitu
1171 2437 1261 2498 vitae.

195 2535 272 2621 Sap.
296 2541 401 2615 2,17.
440 2534 506 2610 Qui
534 2537 574 2600 de
602 2532 761 2598 ecclesiae
787 2530 990 2616 curatoribus
1012 2545 1046 2597 et
1069 2534 1250 2598 doctoribus

194 2634 353 2721 supplicio
367 2636 502 2703 ,effectis
529 2633 563 2699 h.
584 2632 608 2699 l.
628 2644 810 2699 sermonem
826 2656 899 2698 esse
916 2645 1070 2715 stannum,
1092 2636 1251 2720 decerpo·

85 2784 87 2788 -
194 2736 244 2823 φή
258 2737 298 2800 de
315 2738 383 2800 vita
403 2724 538 2821 physica
554 2735 729 2821 explicant,
753 2756 816 2821 quo
838 2732 1102 2819 significatuhoc
1116 2732 1250 2800 vocabu·

60 2830 65 2853 '
192 2836 260 2902 lum
273 2837 428 2924 usquein
444 2857 530 2900 vers.
552 2835 651 2901 silex.
666 2857 771 2921 neque
787 2838 821 2898 in
837 2834 881 2899 N.
898 2832 939 2899 T.
957 2835 1143 2903 adhibitum
1156 2848 1250 2930 extat,

194 2939 251 3002 sed
272 2950 308 3000 ut
330 2936 613 3026 ἀναστρέφεσθαι
635 2937 734 3021 (infra
747 2958 779 3000 v.
797 2937 862 3020 18.)
877 2937 1188 3003 vivendi-rationem
1196 2938 1250 3000 de-

86 3054 90 3061 ·
193 3038 303 3120 clarat,
312 3050 347 3101 ut
364 3039 445 3102 adeo
463 3036 564 3100 verbu
580 3036 642 3115 τήν
657 3033 800 3121 ἔκβασιν
814 3039 871 3116 τῆς
886 3036 1112 3124 ἀναστροφῆς
1125 3051 1247 3102 sonent:

21 3156 24 3178 ¹
137 3178 141 3184 -
191 3143 280 3204 vitae
294 3152 384 3203 actae
398 3139 505 3218 linem,
528 3138 690 3224 quomodo
705 3140 806 3202 vitem
828 3141 954 3222 egerint
976 3159 1082 3225 usque
1103 3140 1148 3204 ad
1171 3162 1248 3204 mor·

191 3253 270 3323 tem,
289 3237 352 3319 τὴν
369 3237 513 3320 ἔκβασιν
529 3239 587 3316 τῆς
599 3236 816 3328 ἀναστροφῆς
834 3260 931 3324 quam
950 3251 1140 3305 constanter
1153 3261 1247 3326 usque

192 3336 336 3405 sintne
358 3337 457 3402 finem
479 3360 515 3403 se
542 3343 715 3424 gesserint.
765 3339 841 3403 Alii.
855 3337 956 3402 verba
986 3339 1247 3426 interpretantur:

191 3461 286 3527 qtrem
308 3437 456 3503 hahuerit
477 3441 566 3502 vitae
596 3441 681 3503 ratio
704 3450 872 3528 eventum,
893 3441 1088 3524 perpendite
1109 3443 1247 3526 praemia

191 3543 388 3608 constantiae
406 3561 490 3627 quae
510 3523 584 3624 p'ost
595 3525 742 3604 =mortem
762 3543 929 3603 consecuti
943 3552 1029 3606 suut.
1070 3540 1161 3625 Huic
1177 3561 1246 3605 vero

189 3642 447 3726 interpretationi
464 3661 529 3704 nou
541 3639 654 3703 lavere
669 3641 797 3704 videtur
812 3641 1045 3704 sententiarum
1057 3663 1180 3707 nexus.

274 3748 304 3806 8.
326 3740 435 3808 Aliam
451 3742 706 3807 cohortationem
731 3740 899 3805 additurus
915 3744 1056 3826 scriptor
1071 3739 1200 3808 affinem
1219 3741 1246 3803 ei

163 3895 166 3900 ,
190 3864 287 3929 quam
303 3865 336 3907 v.
350 3848 382 3907 7.
404 3846 556 3923 continet,
580 3866 625 3907 ex
650 3863 752 3931 eaque
769 3841 993 3926 profluentem,
1015 3861 1136 3929 nempe
1148 3857 1182 3907 ut
1195 3864 1243 3928 pu·

188 3966 258 4009 ram
272 3956 304 4009 et
316 3948 532 4029 incorruptam
548 3955 717 4009 servarent
732 3941 855 4013 Christi
870 3943 1059 4018 doctrinam,
1073 3964 1135 4008 nco
1149 3946 1245 4009 avitae

186 4044 356 4133 religionis
377 4048 459 4110 ritus
483 4066 554 4108 cum
577 4067 617 4109 ea
643 4046 892 4128 coniungerent,
914 4041 1157 4126 generaliorem
1179 4063 1245 4106 sen·

185 4148 318 4215 tentiam
339 4168 372 4213 v.
395 4153 426 4212 8.
447 4148 633 4233 praemittit.
687 4142 797 4211 Minus
821 4155 909 4209 recte
930 4143 1082 4227 uouuulli
1104 4145 1198 4210 huius
1217 4140 1255 4206 ν.
