2632 4740
428 325 590 403 Garun
615 328 686 403 vl.
711 351 750 405 v.
775 335 811 404 2.
837 336 875 408 3,.
1112 341 1184 413 171
1290 333 1295 341 ’

117 495 176 559 ctis
191 512 309 559 manus
322 491 581 578 imponebantur,
602 514 739 560 necessa
756 469 835 582 eigo
855 507 936 579 erat,
956 509 993 563 ut
1006 497 1183 566 edoceren—
1252 516 1258 540 ‘

119 608 175 677 tur,
196 615 356 684 quaenam
371 591 468 658 huius
480 588 640 660 manuum*
653 597 874 681 impositionis
888 599 971 662 ratio
984 602 1073 663 esset
1089 614 1122 665 et
1135 606 1180 668 si·

124 693 291 781 gnificatio,
312 715 526 782 quorumnam
539 696 697 762 donorum
711 696 853 783 Spiritus
867 696 902 763 S·
915 702 1092 787 participes
1105 705 1182 769 red-

81 800 83 809 '
128 796 276 861 darentur.
306 790 524 872 ιὶνασιάσιώς
543 818 579 861 τε
599 797 739 884 νεκρῶν,
767 796 827 860 καὶ
850 793 1011 884 κρίματος
1029 798 1179 894 αἰωνίου]
1303 822 1309 836 ·

125 899 160 989 ¹dc
171 909 363 964 mortuorum
375 904 624 976 resurrectione,
646 908 681 963 et
698 901 818 963 iudicio
837 907 984 963 aeterno.
1009 897 1180 989 sctartge-

81 988 91 1027 ³·
131 1004 195 1077 ιιιι,
213 991 401 1078 Michaelis,
415 997 703 1077 Molderlroccrcr‚
724 998 995 1079 Rcrermdllercr,
1018 997 1180 1088 Sionem,

81 1138 89 1171 =‚
130 1095 183 1180 alii,
203 1095 394 1164 ἀνάστασιν
413 1095 480 1161 τῶν
502 1098 626 1184 νεκρῶν
650 1096 693 1161 ad
713 1095 862 1160 homines
882 1097 1006 1180 probos
1025 1101 1179 1188 referunt,
1267 1119 1269 1122 ·

133 1200 201 1264 etad
211 1199 399 1265 felicitatem
412 1199 447 1261 in
462 1193 646 1262 altera'vita
658 1199 701 1262 iis
714 1197 976 1281 exspectandam,
998 1201 1101 1266 verba
1121 1227 1180 1268 an-

99 1328 102 1333 ·
132 1310 181 1363 tem
198 1296 299 1385 κρίμα
315 1295 449 1364 αἰώνιον
465 1297 505 1360 de
519 1299 654 1361 miseria
667 1294 827 1382 improbis
841 1295 950 1364 futura
964 1299 1180 1385 interpretan.
1220 1310 1223 1316 ·

132 1409 180 1464 tur.
220 1400 288 1466 Sed
298 1399 381 1465 nibil
393 1418 530 1464 caussae
542 1409 594 1462 est
607 1419 706 1486 quare
720 1420 741 1461 a
752 1392 881 1483 vulgari
892 1397 1066 1465 verborum
1077 1404 1178 1469 inter-
1211 1418 1214 1423 “

132 1505 292 1583 pretatione
313 1499 529 1567 recedendum
550 1500 603 1582 sit,
626 1521 672 1564 ex
690 1520 755 1587 qua
772 1496 959 1576 α’νᾶστασις
975 1500 1187 1570 ι1ιίιιιιιι-’

133 1602 219 1666 ctione
246 1604 388 1669 omnium
412 1602 595 1683 homiuum,
628 1613 661 1665 et
688 1599 792 1688 κρίμα
818 1592 861 1664 da
883 1599 1005 1665 iudicio
1029 1614 1178 1671 extremo
1220 1635 1223 1643 ¹

81 1758 86 1767 .
133 1705 268 1789 accipitur
284 1703 325 1767 cf.
338 1709 370 1784 9,
382 1708 435 1768 27
456 1699 573 1765 Matth.
583 1706 636 1783 25,
650 1707 688 1767 31
704 1722 774 1788 sq.
776 1699 833 1763 Sic
851 1695 957 1788 κρίμα
978 1701 1077 1766 etiam
1094 1702 1179 1790 legi-

81 1770 89 1865 i
131 1803 249 1871 turAct.
259 1811 312 1886 24,
320 1808 372 1868 25
394 1802 553 1867 Iudicium
566 1814 674 1869 autem
687 1803 806 1867 dicitur
816 1809 992 1884 oeternum,
1019 1815 1180 1890 quatenus

132 1903 186 1967 cius
210 1908 262 1970 vis
285 1916 318 1968 et
340 1900 512 1969 efficacia
502 1924 537 1965 ιιι
562 1915 729 1968 aeteruum
753 1900 841 1965 valet
858 1922 891 1965 r
912 1898 1028 1966 Matth.
1051 1910 1166 1986 25,46

109 2000 256 2069 ..landem
275 2006 343 2069 rim
358 2002 482 2069 obtinet
503 1997 634 2082 αἰώνιος
652 2008 688 2069 iu
706 1996 910 2069 formulis’
875 1999 997 2068 ιιιωνίιι
1018 2001 1180 2092 λύτρωσις

133 2099 217 2170 llebr.
229 2114 260 2187 9,
278 2114 329 2171 12.
351 2103 510 2186 διαθήκη
524 2102 658 2181 αἰώνιος
671 2108 722 2186 13,
738 2109 790 2169 20.
1254 2104 1257 2111 ’

197 2213 229 2272 3.
241 2207 307 2271 Pro
320 2202 686 2291 nordooparfncr'emca
695 2203 789 2269 codd.
802 2204 1074 2288 praestantissimi
1083 2205 1180 2271 exhi-

133 2300 575 2392 lentrtocq'oorpcrfocr'amoc,
597 2326 679 2391 quae
695 2302 793 2369 lectio
803 2303 956 2390 vulgatae
966 2303 1182 2388 praeferenda

81 2282 112 2633 ι’
132 2406 250 2490 ridetur,
273 2406 428 2493 probavit
442 2428 514 2488 eam
527 2407 626 2470 etiam
645 2404 870 2471 Grterdccda'aa
885 2417 918 2469 et
931 2407 966 2470 in
984 2414 1110 2471 textum
1125 2428 1181 2472 re-

135 2512 200 2592 cepit
219 2510 366 2576 Valerus.
410 2508 509 2573 Haud
523 2499 621 2594 pauci
638 2516 746 2571 autern
758 2507 955 2591 interpretes
967 2505 1069 2571 rerba
1081 2507 1181 2575 huius

133 2624 228 2676 rusus
239 2612 351 2695 priora
362 2609 508 2673 referunt
521 2607 680 2693 adprime
691 2606 860 2692 religionis
874 2605 1035 2671 elementa
1048 2629 1080 2672 r.
1093 2617 1109 2674 1
1128 2632 1179 2698 sq.

81 2708 105 2799 ζ
133 2722 300 2792 nemorata,
320 2721 357 2774 ut
374 2731 490 2775 sensus
510 2709 666 2795 procedat
685 2708 753 2773 hicc
776 2706 843 2771 alio
864 2720 1029 2794 tempore,
1051 2711 1081 2772 si
1102 2709 1179 2775 Deo

81 2806 89 2835 ¹
134 2807 233 2893 placet,
255 2810 315 2877 illa
327 2812 433 2897 prima
450 2809 622 2896 religionis
644 2811 752 2895 capita
765 2819 964 2895 repetamusr
1004 2807 1182 2875 Auctorem

131 2974 134 2981 .
212 2911 266 2976 his
286 2911 399 2976 verbis
424 2909 591 2977 declarare
611 2909 757 2976 voluisse
780 2920 938 2997 statuunt,
961 2927 997 2972 se
1019 2907 1182 2975 elementa

133 2928 320 3078 liouberius
334 3023 607 3097 pertractaturum
621 3032 708 3094 esse,
730 3007 785 3076 vel
797 3008 854 3073 uhi
874 3011 916 3074 ad
927 2956 1102 3073 hebraeos
1122 3027 1181 3074 ve·

133 3114 226 3196 uisset,
246 3112 333 3178 rel'
323 3135 359 3178 m
382 3112 448 3178 alia
469 3111 651 3200 epistola''
628 3132 672 3176 us
693 3111 912 3176 inscribenda.
954 3108 1018 3173 His
1039 3126 1119 3174 vero
1133 3113 1197 3176 ita-

135 3213 328 3279 statuentibus
335 3225 565 3332 opposuerunt
578 3210 651 3276 alii.
672 3211 711 3276 Si
724 3210 883 3296 epistolae
898 3210 1024 3274 auctori
1037 3211 1108 3295 ipsi
1122 3232 1181 3278 ue

81 3317 293 3379 maurium
315 3315 422 3380 visum
446 3315 580 3396 fuisset,
608 3312 780 3377 Hebraeos
799 3309 972 3396 religionis
997 3311 1181 3378 rudimenta

81 3466 88 3501 :
112 3410 232 3481 locere
246 3408 465 3506 (q'uodtamen
482 3418 579 3478 etiam
592 3434 652 3499 per
669 3413 754 3478 alios
768 3409 928 3477 ecclesiae
944 3413 1094 3476 doctores
1107 3414 1183 3479 fieri

81 3506 89 3597 ἱ
134 3519 404 3596 praesectam.
430 3515 567 3598 12‚15·.),
589 3515 747 3598 sapientis
762 3512 906 3578 doctoris
916 3513 1046 3595 fuisset,
1068 3517 1183 3578 nonin

81 3636 89 3673 ι
134 3610 203 3682 dud
215 3630 345 3700 tempus
359 3616 597 3678 institutionem
612 3613 755 3678 dill'erra
799 3610 910 3689 Quare
923 3613 1071 3701 plerique
1085 3615 1183 3678 huius

132 3716 274 3818 tpistolae
289 3724 511 3796 enarratores,
532 3712 766 3799 praeeuntibus
787 3711 1006 3796 Oecumeuin,
1028 3709 1184 3780 Theodo-

129 3813 480 3908 rcto,'l'heophylacto,
502 3808 605 3878 ¹verba
616 3815 675 3879 καὶ
689 3835 787 3879 τουτο
800 3837 835 3880 ιι.
849 3815 1032 3881 retulerant
1047 3817 1089 3879 ad
1106 3833 1182 3880 rer

81 3866 515 4003 intramuraneam
530 3913 722 4001 φερώμεθα
732 3916 911 3982 adultiora
920 3914 1183 4002 progrediamur,

125 4030 198 4098 cuae
210 4015 440 4084 snutrerbav.
448 4022 478 4079 1.
469 4011 811 4103 praecipuaidrrrrp
826 4013 1020 4106 ιῖιιιιρείιῃε
1001 4037 1020 4079 ο
1038 4015 1134 4102 Θεὸς]
1151 4024 1184 4082 et

81 4103 181 4183 'loc
191 4118 321 4207 quidam
335 4116 504 4195 faciamus,
526 4140 555 4181 ιι
551 4115 663 4181 Dece
676 4122 879 4202 permiserit,
900 4113 1083 4180 auxiliante
1091 4108 1184 4198 Deo,

125 4212 252 4289 tillcus
265 4219 360 4287 ,ιιιιι
373 4217 519 4283 etritaru
538 4218 750 4298 concesserit,
770 4229 807 4282 ut
828 4234 889 4294 nos
897 4217 1019 4356 qucere
1042 4214 1185 4281 solamur
