2604 4746
380 307 541 388 catur
565 303 639 384 IX.
675 329 713 382 v.
741 313 817 383 lt:
1050 310 1124 381 ³15
1169 261 1174 271 ⁸

95 476 145 543 lol.
164 483 197 543 1.
206 482 248 563 'p.
264 479 337 541 100.
356 496 416 562 per
438 473 566 560 πνεῦμα
582 469 717 540 αἰώνιον
734 469 929 559 intelligunt,
952 470 1126 539 beatiorem
1236 532 1239 541 .

95 581 222 665 dquam
235 576 330 641 Iecur
345 586 472 642 evectua
493 585 542 641 eti
558 577 776 656 conditionem,
798 588 833 638 ut
855 594 969 639 seusus
991 577 1048 638 sit:
1070 577 1126 660 qui

95 678 310 743 ncouditioue
332 697 391 740 sua
411 668 550 740 beatiori
566 677 600 738 in
622 685 787 741 aeternum
808 675 977 755 duratura,
999 697 1035 739 se
1051 673 1125 737 Deo

95 779 189 842 abtulit
211 777 374 841 victimam
394 774 585 859 perfectam,
618 772 692 839 labe
717 787 888 838 carentem.
932 774 998 840 Sed
1021 795 1126 860 neque

95 879 302 945 lliderleiuius
317 896 422 961 neque
442 874 589 941 Storrius
609 877 688 938 satis
709 873 895 957 docuerunt,
916 875 998 939 hano
1020 876 1127 961 expli·

96 982 232 1043 ationem
247 975 322 1039 usui
335 972 489 1060 loquendi
512 985 758 1037 consentaneam
782 996 867 1038 esse.
909 975 942 1058 6)
964 978 1128 1042 Reuterus
1252 992 1258 1005 ¹

95 1082 121 1143 ia
131 1077 275 1164 explicat.
291 1072 357 1140 loci
373 1096 425 1161 ep.
439 1075 481 1141 ad
496 1071 598 1139 Hebr.
614 1079 647 1152 9,
663 1081 714 1137 14.
735 1073 826 1159 Lips.
844 1080 936 1141 1794.
951 1087 984 1143 4.
1010 1082 1068 1164 qui
1078 1078 1127 1143 le-

97 1183 212 1244 ctionem
228 1172 321 1259 ἁγίου
336 1175 488 1261 praefert,
510 1173 570 1238 sed
584 1177 781 1258 argumentis
797 1196 909 1259 parum
923 1176 1051 1241 idoneis
1072 1178 1128 1241 de-

96 1280 187 1358 ludit,
208 1274 310 1342 verba
324 1277 454 1360 πνεῦμα
469 1269 567 1356 ἅγιον
582 1271 824 1356 perfictittiote
841 1284 953 1342 utentis
973 1285 1129 1364 animique
1172 1309 1175 1317 ·

97 1385 252 1443 sanctitate
265 1374 418 1461 explicat,
438 1386 472 1438 et
491 1371 601 1438 verbis
622 1371 717 1436 huius
740 1395 771 1437 v.
795 1379 986 1441 senteutiam
1009 1377 1129 1443 substi-

95 1480 142 1540 tuit
158 1476 256 1541 hanc:
286 1475 524 1561 quantomagis
546 1471 713 1550 Christus,
742 1476 798 1560 qui
818 1498 877 1561 pro
899 1498 1036 1560 mmma,
1067 1502 1130 1567 qua

99 1589 208 1641 ornatus
225 1586 295 1640 erat
310 1575 408 1637 animi
427 1574 606 1659 mentisque
625 1576 804 1656 sanctitate,
826 1573 900 1639 Deo
923 1598 998 1643 sese
1015 1579 1130 1644 obtulit

99 1681 315 1741 arctissimum
328 1672 533 1754 sacrificium,
556 1685 684 1738 sanctos
708 1696 834 1760 quoque
859 1677 994 1742 reddere
1012 1683 1130 1764 poterit
1246 1752 1250 1761 ¹

99 1781 203 1842 ammos
218 1788 357 1840 nostros.
399 1775 538 1839 Reateri
549 1776 738 1837 senteutiam
758 1774 908 1860 probavit
923 1777 1126 1862 Diodorfiue,
1203 1852 1207 1867 ¹

98 1883 209 1962 πνεῦμα
224 1874 376 1960 intelligit
387 1876 427 1939 de
443 1881 643 1956 integritate,
660 1873 864 1960 perfectione
875 1883 991 1944 morali
1002 1903 1082 1967 quae
1096 1883 1130 1944 in

97 1978 156 2042 lesu
181 1978 366 2041 vitiositatis
389 1986 523 2059 experte
548 1974 656 2039 fuerit.
706 1975 897 2041 Rectissime
919 1999 998 2043 vcro
1022 1994 1133 2046 contra
1164 1996 1171 2012 “

98 2080 202 2141 nonuit
213 2099 279 2142 oen
294 2078 352 2143 der
367 2075 456 2140 Boou
470 2073 584 2139 Meacd
597 2095 629 2159 p.
645 2079 685 2140 86
701 2096 749 2162 sq.
764 2079 892 2161 πνεῦμα
907 2077 939 2141 h.
953 2077 976 2142 l.
991 2101 1056 2144 non
1072 2104 1131 2167 op·

99 2182 159 2263 poni
172 2184 285 2262 σαρκὶ,
306 2197 410 2262 neque
425 2177 459 2238 iu
474 2173 535 2237 hac
550 2196 602 2258 ep.
620 2171 707 2258 σὰρξ
724 2175 789 2237 dici
804 2175 844 2238 de
860 2179 1052 2267 vitiositate3
1074 2205 1132 2248 vo·

101 2277 197 2342 cabulo
213 2278 340 2361 πνεῦμα
355 2297 395 2338 eo
409 2272 592 2359 significatu
615 2287 757 2360 accepto,
780 2297 845 2340 non
868 2283 1039 2344 convenire
1063 2288 1134 2368 epi·

100 2377 192 2444 theton
206 2373 351 2457 αἰώνιον,
368 2387 401 2439 et
414 2377 571 2467 ingratam
585 2375 634 2438 sic
648 2377 726 2437 oriri
740 2375 963 2463 tautologiam:
986 2380 1135 2448 Christus

102 2480 252 2544 so'obtulit
268 2476 342 2541 Deo
357 2474 565 2560 inculpatum,
586 2496 644 2558 per
659 2478 876 2560 integritatem
898 2481 1007 2563 animi,
1029 2484 1136 2567 perfe-

103 2583 220 2646 ctionem
242 2576 413 2657 moralem,
435 2596 540 2661 neque
555 2581 586 2656 7,
603 2580 654 2638 26.
681 2576 735 2661 (ad
752 2597 847 2663 quem
866 2577 973 2643 locum
995 2581 1137 2651 Diodor-

99 2678 147 2756 fitu
169 2679 337 2766 provocat)
360 2689 474 2741 extare
497 2675 689 2740 vocabulum
708 2678 849 2760 πνεῦμα.
892 2681 925 2764 7)
948 2682 1082 2750 Leukiou
1103 2688 1138 2748 in

104 2791 284 2847 ammantat.
314 2779 354 2842 ad
383 2776 540 2858 Hebr.9,
565 2782 617 2842 14.
645 2776 738 2863 Lips.
764 2785 856 2846 1790.
881 2785 912 2844 8.
936 2778 1051 2847 verba:
1080 2783 1141 2848 ioci

104 2881 279 2969 πνεύματος
291 2875 389 2962 ἁγίου
396 2877 551 2941 vertenda
564 2889 670 2962 putat:
691 2883 859 2945 nemaeum
871 2886 1026 2948 cetioiuia
1039 2906 1141 2970 eoque

104 2991 314 3072 mquam,
336 3001 364 3044 s.
373 2986 489 3065 prouti
501 2986 566 3043 icor
577 2983 888 3045 monuerunt-ticina
903 2986 1035 3048 oracula
1055 2977 1147 3050 aatt-'

104 3092 242 3164 quirine.
286 3081 459 3159 Observat,
479 3074 607 3162 πνεῦμα
624 3081 753 3164 saepius
771 3079 954 3164 significare
966 3087 1141 3149 revelatio-

103 3200 155 3248 παι
173 3189 323 3260 dicium
345 3182 507 3248 oraculum
530 3182 678 3256 diuinum
698 3186 893 3262 vaticinium,
920 3194 952 3245 et
973 3187 1142 3268 praeposi·

102 3282 205 3349 tionem
229 3280 288 3350 itai
308 3283 395 3345 idem
417 3279 532 3344 valere
556 3281 642 3364 quod
667 3275 768 3345 κατά.
810 3281 917 3346 Etiam
932 3283 1084 3348 Plautius
1106 3287 1142 3348 iu

102 3375 178 3450 Ilias.
199 3382 241 3447 de
256 3404 335 3447 vera
349 3393 463 3444 natura
477 3392 571 3468 atque
584 3379 693 3444 indole
710 3380 852 3444 orationi
882 3381 1027 3446 Graecae
1043 3383 1086 3448 Ν.
1100 3384 1142 3449 Τ.
1176 3412 1178 3417 ·

102 3479 231 3570 (lotting.
247 3489 340 3548 1810.
356 3490 387 3546 4.
402 3483 525 3544 inserta
540 3479 870 3545 Commentationibus
886 3503 906 3545 a
921 3484 1110 3551 Roteumitll
1126 3524 1144 3538 -
1256 3488 1261 3501 “

103 3599 198 3650 toetc.
213 3585 320 3664 editis,
341 3580 419 3646 Vol.
439 3588 468 3645 1.
493 3580 531 3645 P.
548 3587 578 3645 1.
591 3602 623 3665 p.
643 3586 712 3645 189.
735 3580 836 3647 verba
859 3594 972 3647 nostra
998 3568 1144 3669 explicat

104 3680 134 3748 dc
154 3685 290 3765 Massia,
313 3683 368 3768 qui
388 3684 434 3748 ad
454 3676 641 3765 scripturae
662 3686 797 3747 oracula
819 3685 1044 3769 semetipsum,
1074 3696 1146 3747 tan·

105 3801 185 3866 quam
202 3785 365 3849 victimam
392 3781 468 3847 labe
496 3793 657 3844 carentem
679 3779 754 3847 Deo
778 3782 912 3866 obtulit,
951 3795 987 3846 ut
1014 3782 1146 3869 πνεῦμα

110 3876 189 3963 droco
201 3882 401 3970 intelligatur
419 3883 460 3948 dc
478 3880 605 3969 Spiritu
625 3884 731 3948 dtitioo
753 3884 787 3945 ia
807 3885 850 3947 iis
866 3882 1044 3969 prophetis,
1066 3906 1146 3968 quo-

113 3983 307 4050 miraracula
321 3984 361 4047 ad
376 3981 498 4046 Christi
511 3994 648 4045 mortem
669 3983 943 4049 transferebantur
957 3993 993 4044 ut
1011 3981 1076 4047 les.
1093 3989 1145 4050 83.

119 4092 145 4145 tt
159 4084 226 4151 elia.
270 4084 325 4150 Sic
347 4081 408 4148 tte
429 4080 576 4147 adhiberi
598 4092 688 4146 notat
711 4084 804 4150 Rom.
826 4088 931 4185 1,1·1.
961 4081 1020 4149 itoi
1041 4082 1146 4171 νόμον

123 4183 322 4267 *vitiaretur
333 4188 378 4252 ed
388 4187 467 4267 tegit
479 4186 684 4251 seueritatem
692 4187 840 4253 mauu
850 4180 1147 4273 maturimae,
