2632 4740
32 305 196 377 120
374 303 378 311 '
454 300 612 377 ciuus
647 301 718 375 lv.
752 322 790 375 v.
818 305 852 374 3.

125 456 329 531 contulerunt
351 465 596 551 Seboettgem'ce
617 469 652 530 in
674 466 774 530 Horr.
790 462 910 528 Hebrr.
933 472 966 526 et
988 462 1195 530 Wetstemue

99 571 103 577 ’
119 567 171 637 -ad
183 588 215 632 ν.
232 576 264 634 9.
280 604 324 619 -
335 566 389 632 Ab
403 567 464 630 bac
478 588 575 653 quam
591 568 820 652 proposuimus
838 563 997 629 formulae
1015 563 1196 630 sarcinac-
1213 582 1216 589 '

125 688 180 742 σις
194 669 254 732 τοῦ
269 666 356 734 Θεοῦ
368 669 634 751 interpretatione
658 667 791 731 dissona
803 666 1004 731 tradiderunt
1017 665 1196 731 Akersloo·

28 815 29 818 ,
126 775 204 849 tirus,
229 768 403 848 Semlerue,
422 769 467 853 (v.
480 768 730 849 Buumgurtem‘i
740 764 927 848 Eriliircng
945 769 1002 832 dee
1023 764 1143 842 Brc'efe
1162 791 1195 832 a.

47 856 49 861 ¹
98 864 101 870 ’
125 871 158 935 d.
173 868 277 934 Hebr.
289 876 345 933 mit
362 868 508 950 Seculare
516 868 702 952 Beqtrc'igec
713 889 747 951 p.
763 873 835 931 111.
848 874 914 932 114
926 865 1196 953 sq.)·MicdaeIr'e,

125 969 162 1032 in
176 971 261 1033 notis
276 969 318 1033 ad
328 970 489 1034 Petreium
504 968 573 1054 (qui
585 977 692 1031 tamen
707 978 824 1050 postea
843 968 1037 1031 sententiam
1055 970 1198 1032 mutavit

79 1063 81 1066 ’
128 1091 161 1133 v.
176 1070 350 1137 Michaelis
364 1068 496 1134 Erillir.
511 1069 543 1132 d.
560 1066 599 1131 Β.
611 1089 643 1131 α.
658 1069 691 1132 d.
708 1065 811 1133 Hebe.
825 1065 866 1129 ad
875 1074 908 1146 4,
919 1067 961 1150 1.)
978 1064 1047 1129 alii.
1092 1065 1199 1132 Nemi

129 1191 172 1254 pe
195 1191 241 1244 ex
260 1168 375 1234 borum
394 1173 603 1255 interpretum
627 1169 789 1231 sententia
805 1164 1199 1243 nctcmdosmnnomine

22 1306 25 1311 ι
133 1291 204 1353 cap.
217 1279 249 1334 4.
265 1259 425 1334 indicatur
438 1270 577 1332 cessatio
592 1266 634 1336 ab
649 1265 801 1352 operibus
813 1264 898 1352 legis
910 1265 1090 1349 Mo'saicae,
1104 1272 1199 1356 quies

3 1375 12 1391 ⁴
132 1391 170 1433 ac
179 1368 330 1435 liberatio
343 1394 363 1435 a
376 1373 453 1455 iugo
464 1367 645 1433 cervicibus
658 1367 851 1447 Iudaeorum
863 1368 1026 1461 imposito,
1040 1369 1129 1455 quod
1141 1391 1200 1434 ne·
1227 1392 1231 1399 ·

6 1486 8 1490 ·
24 1504 27 1508 ι
134 1479 197 1557 que
209 1484 320 1555 patres
335 1493 457 1549 eorum,
479 1489 540 1532 uec
553 1467 618 1552 ipsi
636 1466 723 1530 ferre
744 1478 893 1552 poterant
910 1467 983 1532 Act.
997 1467 1050 1548 15,
1067 1476 1121 1535 10.
1134 1492 1200 1556 quo

132 1591 213 1633 vero
227 1570 460 1649 liberabantur,
482 1569 539 1655 qui
557 1567 599 1647 ad
623 1565 747 1631 Christi
766 1569 861 1653 signa
877 1590 914 1632 se
935 1568 1148 1635 conserebant
1167 1578 1217 1636 v.

121 1668 249 1748 ¹Matth.
264 1679 314 1754 11,
327 1676 456 1757 28-30.
468 1668 533 1734 His
545 1667 778 1753 interpretibus
792 1666 1004 1752 adstipulatus
1017 1681 1068 1734 est
1084 1666 1199 1739 cras:
1232 1670 1241 1685 '

72 1776 74 1780 ’
135 1759 265 1837 baebius
284 1769 321 1836 in
339 1768 453 1834 libello
472 1770 644 1854 inscripto:
667 1760 845 1856 qnid'Ebr.
868 1777 899 1849 ³,
921 1776 999 1850 7-4,
1020 1777 1070 1835 11.
1093 1793 1201 1839 κατα-

135 1869 287 1948 παύσεως
301 1869 385 1937 Θεοῦ
396 1868 768 1959 imagine'adumbreurr,
783 1870 982 1957 disquiritur.
994 1872 1094 1948 lenae
1105 1880 1200 1943 1792.

55 1977 60 1985 '
135 1977 168 2033 4.
184 1970 305 2035 Statuit
317 1972 478 2050 nimirum,
500 1968 672 2034 formulam
685 1969 809 2036 κατάπ.
827 1994 856 2036 ι.
871 1971 909 2037 Θ.
930 1993 995 2037 uon
1011 1973 1118 2040 solnm
1139 1977 1201 2042 ali·

17 2098 39 2119 »ι
138 2081 188 2134 ter
200 2074 284 2143 sumi
292 2071 372 2136 loco
383 2069 518 2166 Psalmi,
538 2070 598 2133 sed
614 2073 712 2137 etiam
726 2070 871 2160 elitcrin
883 2071 949 2137 loci
963 2074 1058 2140 huius
1073 2079 1117 2141 ad
1128 2078 1200 2146 He·

138 2170 257 2238 bracos
271 2172 500 2260 applicatione,
523 2170 633 2235 etalio
651 2173 781 2260 quidem
795 2195 892 2238 sensu
908 2177 943 2238 in
961 2177 1072 2261 priora
1094 2181 1202 2266 appli-

138 2277 275 2339 cationis
287 2270 462 2361 particula,
484 2269 549 2334 alio
570 2274 604 2354 in
618 2276 810 2357 posteriore.
853 2272 966 2338 Priore
984 2289 1094 2361 parte,
1117 2301 1203 2369 quae

78 2397 81 2404 ¹
137 2392 241 2459 usque
258 2376 298 2438 ad
314 2399 342 2438 o.
354 2383 387 2453 4,
403 2379 434 2452 3.
446 2374 659 2457 protenditur,
682 2377 857 2439 assentitur
870 2377 924 2456 iis,
949 2378 1004 2463 qui
1024 2377 1202 2449 nardaus·

139 2492 197 2537 σιν
211 2473 379 2537 felicitatis
392 2474 568 2558 imaginem
582 2493 656 2536 esse
672 2476 876 2555 contendunt,
900 2485 932 2539 et
949 2477 1080 2563 quidem
1094 2483 1129 2544 in
1142 2505 1201 2568 ge.

139 2589 220 2636 nere
244 2573 425 2654 felicitatis,
455 2595 550 2661 quam
574 2570 704 2638 Christo
729 2598 801 2642 cum
822 2579 857 2642 in
875 2577 935 2641 hac
954 2590 1022 2641 tum
1044 2580 1079 2643 in
1100 2581 1204 2651 altera

139 2676 207 2736 vita
224 2673 404 2739 debemus.
421 2675 486 2740 seu
500 2676 682 2758 posteriore
694 2689 797 2761 parte,
814 2699 886 2741 cum
896 2677 992 2741 huius
1008 2680 1098 2745 vitae
1112 2706 1204 2750 acer-

99 2835 102 2839 .
140 2771 262 2837 bitates
280 2788 314 2840 et
326 2768 497 2840 aemmnae
512 2795 577 2838 non
597 2777 725 2858 possint
743 2781 923 2862 comparari
945 2800 1017 2842 cnm
1036 2784 1203 2868 operibns,

144 2875 296 2968 aquibus
311 2879 474 2963 quievisse
490 2896 548 2938 seu
560 2895 708 2939 cessasse
722 2876 816 2941 Deus
830 2879 966 2963 septima
978 2878 1039 2945 illa
1059 2883 1114 2948 die
1129 2908 1204 2951 nar·

141 2966 326 3040 ratur'c‘oll.
346 2986 379 3058 4,
400 2985 432 3043 9.
454 2982 505 3040 10.
534 2975 574 3037 de
595 2975 788 3042 liberatione
811 3002 831 3042 a
844 2980 921 3064 iugo
936 2979 1204 3064 legis'Mosaicae

141 3095 324 3142 sermonem
340 3100 415 3142 esse
427 3089 547 3142 censet.
590 3074 715 3164 Verum
737 3081 1077 3145 enirnvero'sententia
1092 3102 1204 3152 eornm
1228 3073 1232 3081 ¹

70 3243 74 3250 ¹
141 3176 364 3260 interpretum,
386 3182 441 3266 qui
456 3174 670 3245 κατάπαυσιν
694 3179 733 3243 de
752 3178 907 3243 felicitate
928 3200 1053 3245 summa
1071 3187 1202 3252 eadem·
1237 3166 1242 3171 ι

143 3298 207 3363 que
222 3277 357 3342 coelesti
369 3278 545 3364 explicant,
560 3281 665 3363 magis
679 3299 753 3343 sese
766 3279 971 3363 simplicitate
987 3286 1202 3362 commendat3

58 3434 64 3439 .
143 3388 176 3439 et
199 3398 305 3442 sermo
328 3391 378 3442 est
396 3379 435 3441 de
449 3379 564 3442 lubria
583 3381 691 3465 quiete
707 3402 739 3446 v.
756 3385 787 3444 c.
802 3387 832 3445 9.
857 3404 952 3467 quam
973 3398 1202 3452 consecuturus
1232 3404 1234 3409 '

144 3490 232 3570 esset
244 3478 385 3564 populus
400 3477 476 3560 Dei,
494 3481 553 3543 sed
564 3477 624 3544 lex
639 3479 788 3544 Mosaioa
801 3482 867 3547 iam
882 3495 948 3546 tum
964 3482 1122 3570 abrogata
1136 3499 1203 3552 erat

144 3583 359 3669 7‚12.1s=q.
382 3585 444 3659 8,8
463 3600 533 3666 sqq.
555 3601 659 3667 neque
680 3580 788 3644 aliena
804 3596 855 3645 est
871 3604 891 3644 a
912 3580 1075 3648 scribendi
1093 3588 1202 3653 indole

145 3683 312 3766 escriptori
323 3682 428 3745 nostri
436 3678 535 3765 paulo
549 3680 659 3743 durior
675 3679 734 3745 illa
748 3685 945 3766 comparatio
959 3686 1108 3751 instituta
1120 3691 1201 3752 inter

40 3846 44 3853 ,
144 3778 371 3849 liberationem
385 3784 504 3845 avitae
518 3784 602 3846 curis
616 3780 851 3869 molestiisque,
867 3795 899 3848 et
908 3781 1055 3871 quietem
1064 3786 1134 3852 Dei
1152 3790 1199 3854 die

147 3882 283 3965 septimo
305 3881 380 3947 coll.
394 3893 427 3962 4,
443 3888 548 3968 9sqq.
569 3903 640 3946 oum
663 3884 802 3966 scriptor
821 3897 932 3948 noster
950 3888 985 3948 in
999 3887 1199 3954 instituendis

148 3982 445 4068 comparationibus
458 4004 524 4048 non
532 3981 640 4048 soleat
648 3982 821 4068 diligenter
832 3983 1058 4075 subtiliterque
1068 3991 1196 4066 versari,

145 4103 281 4170 cumque
296 4085 442 4149 eiusdem
454 4086 585 4170 generis
599 4084 746 4148 videatur
761 4105 834 4149 esse
854 4089 1050 4173 comparatio
1069 4091 1154 4154 inter
1164 4089 1196 4153 li.

145 4179 346 4252 berationem
365 4205 385 4246 a
396 4183 484 4275 fduro
510 4196 542 4248 et
558 4184 676 4255 acerbo
692 4187 768 4272 iugo
783 4185 868 4273 legis
882 4185 1050 4269 Mosaicae
1067 4202 1099 4255 et
1116 4193 1197 4280 quic·
