2604 4746
463 344 623 423 011111
658 347 687 421 1.
724 368 762 422 v.
790 355 824 419 1.
861 427 865 435 ,
1138 352 1183 420 15

130 513 206 578 rerba
218 510 304 578 facit
319 512 372 578 de
387 510 532 599 augelis,
551 525 582 576 et
593 510 675 578 locis
689 535 708 576 e
721 508 764 576 V.
779 507 820 574 Τ.
833 512 942 596 petitis
953 506 1100 596 pluribus
1112 534 1188 599 pro·

124 613 172 695 bat,
186 613 303 678 lesum
318 612 493 678 Messium
505 611 639 698 angelos
652 613 808 699 dignitate
820 612 1010 697 longissime
1023 633 1189 699 superare,

118 717 177 802 puin
194 727 229 778 et
247 713 323 779 hos
352 716 391 779 ei
404 712 568 781 subiectos
580 735 669 795 esse,
690 725 723 777 et
739 735 810 778 cum
823 735 867 777 ex
880 711 1103 778 Hebraeorum
1116 735 1190 779 ren·

114 817 199 879 tentia
212 815 347 901 angeli
363 836 481 879 omnes
494 813 637 900 reliquas
651 811 1012 897 naturasintelligentes
1024 813 1122 899 longo
1139 818 1191 878 in·

109 914 238 979 teruallo
253 917 462 980 vincerent:
479 913 575 979 facile
589 916 714 979 ostendi
725 934 852 1001 quoque
862 924 998 998 poterat,
1011 928 1042 978 et
1053 938 1190 1001 pronum

105 1017 138 1080 ad
146 1017 256 1082 fidem
272 1028 379 1097 erat,
394 1015 504 1080 Iesum
516 1013 673 1079 Messium
686 1018 783 1082 etiam
796 1014 890 1079 Mose
905 1034 932 1076 c·
946 1019 976 1078 3.
990 1008 1189 1104 reliquisque

104 1115 138 1181 l'.
151 1116 195 1181 Τ.
210 1117 415 1204 prophetis
428 1114 526 1200 longe
538 1116 693 1179 maiorem
706 1137 790 1181 esse.
818 1115 900 1178 Eum
913 1125 1018 1178 autem
1030 1119 1136 1200 geniis
1148 1118 1186 1182 il·

99 1216 135 1281 lis
146 1216 382 1283 coelestibus
394 1217 596 1302 superiorem
607 1237 680 1280 esse
692 1228 724 1280 et
734 1219 962 1303 augustiorem,
974 1227 1085 1300 patere
1095 1219 1190 1285 docet

97 1322 239 1405 scriptor
253 1332 368 1401 „tum
379 1317 561 1382 exuomine
568 1316 595 1380 F
595 1315 645 1380 ilii
655 1317 777 1402 (verbis
790 1321 935 1383 Wuzert'
943 1329 1025 1397 utor,
1033 1339 1077 1380 ex
1085 1321 1189 1384 eiusd.

98 1417 335 1484 Commentat.
355 1425 387 1484 1.
401 1416 631 1482 desacerdotis
644 1414 750 1481 officio
760 1416 984 1505 quodChristo
995 1417 1144 1483 tribuitur
1155 1423 1190 1484 in

99 1541 145 1604 ep.
158 1520 205 1583 ad
218 1519 349 1583 Hebr.
365 1518 461 1604 Lips.
477 1522 568 1591 1825.
581 1524 613 1581 4.
628 1538 660 1602 p.
676 1522 724 1582 10.
739 1518 938 1605 depromtis),
956 1516 1037 1581 nulli
1050 1540 1190 1605 unquam

100 1619 308 1706 augelorum
323 1608 491 1683 concesso
504 1638 534 1678 v.
547 1624 579 1681 4.
594 1621 623 1682 5.
642 1628 708 1681 tum
721 1640 765 1681 ex
778 1619 900 1683 honore
908 1632 1037 1683 ’11111110
1050 1620 1091 1683 ab
1107 1624 1190 1706 ipsis

102 1722 230 1808 angelis
248 1723 290 1785 ei
305 1718 490 1784 tribuendo
501 1737 533 1780 v.
547 1721 577 1782 6.
589 1729 655 1781 tum
668 1739 713 1782 ex
725 1716 822 1782 officii
833 1733 865 1783 et
876 1720 1041 1805 dignitatis
1052 1725 1189 1803 ratione,

104 1845 170 1888 rum
184 1820 349 1909 angelos
365 1819 531 1910 ministros
548 1816 665 1884 habeat
676 1816 783 1899 Deus,
804 1817 966 1882 Christum
982 1841 1061 1885 vero
1078 1845 1190 1908 regem

106 1945 138 1987 uc
150 1924 342 1988 dominum
358 1919 560 1982 constituerit
571 1924 688 1984 v.7·9.
703 1931 769 1982 tum
780 1941 825 1985 ex
837 1922 999 1986 creatione
1009 1924 1118 1986 1111111111
1129 1947 1189 2009 per

108 2023 285 2088 Christum
304 2043 342 2084 v.
363 2025 415 2085 10.
433 2018 593 2104 huiusque
609 2018 864 2082 immutabilitate
882 2041 914 2082 v.
931 2026 981 2083 11.
996 2029 1045 2086 12.
1064 2037 1130 2088 turn
1143 2046 1189 2089 ex

114 2125 321 2189 mnditionis
342 2120 549 2200 diversitate,
568 2119 825 2205 quandoquidem
845 2117 992 2182 Christus
1010 2122 1044 2183 111
1057 2142 1188 2186 consor·

119 2226 182 2290 111111
193 2224 404 2289 maiestatis
417 2234 451 2285 et
460 2222 588 2316 imperii
599 2222 701 2284 divini
713 2231 862 2304 receptus
874 2231 934 2299 est,
949 2219 1056 2306 angeli
1069 2237 1190 2304 contra,

119 2336 270 2414 tunquam
294 2335 434 2388 naturae
458 2324 640 2404 ministrae,
667 2321 709 2387 ad
728 2343 859 2407 operam
883 2319 974 2406 (Deo
995 2335 1027 2384 et
1047 2322 1190 2409 Christo)
1214 2394 1219 2403 ,
1271 2330 1275 2337 ’

113 2426 358 2513 praestandam
371 2425 556 2488 emittuntur
566 2425 601 2487 in
612 2444 706 2487 usum
719 2443 844 2503 eorum,
864 2425 919 2508 qui
932 2435 1005 2484 sunt
1018 2425 1057 2487 ad
1070 2430 1189 2511 sempi-

113 2541 237 2592 ternam
250 2528 368 2590 vitam
381 2537 413 2589 et
424 2524 610 2589 felicitatem
628 2524 824 2610 perducendi
842 2546 873 2587 v.
889 2530 939 2588 13.
956 2531 1005 2588 14.
1012 2530 1034 2564 “
1051 2561 1094 2573 -
1123 2528 1190 2593 Sed

113 2649 218 2716 neque
233 2631 276 2692 iu
291 2627 361 2692 hoc
374 2647 443 2710 cap.
457 2645 561 2711 neque
579 2647 648 2712 cap.
663 2632 693 2690 2.
713 2624 752 2689 de
771 2624 897 2711 angelis
909 2645 1090 2690 sermonem
1103 2651 1188 2712 esse,

112 2730 258 2816 probare
284 2725 414 2790 studuit
430 2725 663 2805 Haberfeldios
682 2729 717 2789 in
735 2724 825 2789 Diss.
845 2727 1014 2810 inscripta:
1043 2729 1151 2813 augeli
1170 2753 1188 2793 e

111 2835 221 2916 primo
235 2841 275 2894 et
290 2828 438 2891 secundo
451 2848 520 2912 cap.
534 2849 584 2912 ep.
593 2827 633 2889 ad
639 2824 750 2921 Hebr,
756 2825 937 2890 exulantes.
955 2826 1081 2890 Isenaci
1097 2838 1189 2895 1808.

114 2939 142 2997 8.
157 2954 265 3019 quem
280 2930 426 3016 praeivit
437 2928 636 3005 mentetua,
649 2928 705 3013 qui
716 2927 828 3011 primis
841 2938 990 3012 tanquam
1002 2927 1097 2993 lineis
1109 2931 1191 2996 hanc

111 3031 430 3120 interpretationem
440 3048 554 3091 novam
562 3029 786 3119 designavitiu
792 3030 940 3109 Arsgustii
946 3030 1091 3113 Theolog.
1100 3033 1191 3098 Blat-

113 3146 192 3202 tern
211 3138 269 3199 st.
286 3136 341 3195 25.
354 3150 391 3213 p.
406 3134 467 3194 393
481 3150 529 3215 sq.
547 3128 659 3210 Jatrg.
675 3131 766 3191 1796.
810 3126 953 3213 Uterque
969 3152 1028 3213 per
1041 3132 1119 3207 τούς
1133 3131 1192 3218 o'y·

114 3237 238 3321 γέλως
266 3232 539 3313 legatoriorum
562 3222 598 3293 V.
625 3227 659 3292 Τ.
678 3219 841 3312 intelligit.
897 3229 939 3290 Et
957 3230 1191 3309 Habcrfeldr'as

115 3337 266 3415 monuit,
286 3328 434 3407 voluisse
446 3333 633 3415 scriptorem
646 3326 805 3412 (Paulum)
818 3331 1045 3413 praestantiam
1058 3334 1190 3421 religio.

117 3440 170 3502 1118
190 3433 312 3499 christ.
327 3441 439 3494 contra
449 3428 587 3493 Iudaeos
601 3427 789 3508 defendere,
809 3429 953 3516 adeoque
967 3453 1039 3496 eum
1057 3436 1091 3497 in
1105 3458 1191 3502 com·

119 3538 334 3623 parationem
349 3551 486 3596 vocasse
505 3531 725 3593 oeconomiam
737 3527 932 3610 Mosaicam,
953 3544 986 3594 et
998 3537 1190 3617 ostendisse,

120 3649 283 3724 quantum
295 3644 330 3696 et
341 3629 534 3711 doctoribus,
549 3643 581 3695 et
591 3632 715 3694 ratione
723 3627 789 3692 Dei
799 3626 937 3710 colendi,
953 3643 985 3694 et
995 3632 1191 3700 emolumen-

120 3741 164 3802 tis
176 3736 259 3802 inde
273 3736 308 3797 111
323 3730 445 3797 Christi
462 3729 601 3796 cultores
614 3727 882 3810 redundantibus,
902 3731 1009 3816 iisque
1025 3755 1084 3817 per
1097 3757 1191 3803 omne

122 3857 243 3902 aevum
257 3834 438 3913 duraturis,
459 3831 632 3919 christiana
644 3827 761 3914 religio
774 3850 852 3913 prae
866 3828 924 3894 illa
936 3833 1084 3897 emineat.
1127 3837 1192 3903 Mi-

122 3960 194 4002 rum
212 3954 298 4020 ergo
315 3934 421 3998 videri
437 3931 643 4018 Apostolum,
663 3942 699 3992 ut
711 3926 834 3993 Christi
853 3922 1041 4016 dignitatem
1061 3935 1192 4004 demon·

126 4048 257 4119 straret,
271 4037 383 4100 statim
393 4037 427 4098 in
437 4034 548 4098 limine
556 4027 724 4117 epistolae,
738 4021 808 4094 eam
819 4051 863 4094 ex
874 4035 1109 4118 comparatione
1121 4041 1192 4104 eius

129 4160 196 4205 cum
215 4135 349 4222 angelis
372 4130 534 4221 derivare3
558 4119 837 4215 fuissepotius'ei
857 4153 877 4195 a
895 4135 1011 4197 minori
1029 4137 1069 4200 ad
1087 4143 1191 4205 maius

128 4237 412 4329 progrediendum,
421 4233 564 4303 etinfine
571 4232 709 4315 11111111,
716 4229 985 4319 hocpotissimmu
992 4254 1190 4322 argumento,
