2604 4746
417 322 773 402 cnrur.X11.'v.
798 333 858 401 23.
895 382 897 388 a
1090 320 1164 432 ιιι

101 486 318 578 praestabant
332 489 447 557 liberis
462 472 610 582 caeteris.
649 489 826 555 Christiani
840 492 941 576 igitur
957 488 1020 585 hoe
1035 493 1165 577 nornine

101 604 342 678 nuncupantur,
365 594 440 680 quia
454 589 611 657 inlocum
627 578 977 656 etiuralsraelitarum
999 594 1165 657 successe·
1188 598 1191 604 ’

101 704 193 774 runt,
215 692 301 756 unde
323 697 420 758 etiam
442 700 458 758 1
481 691 568 757 Petr.
592 698 623 773 2,
649 696 681 756 9.
711 704 867 756 vocantur
887 690 982 774 γένος
999 692 1166 777 ἐκλεκτόν,
1213 752 1216 758 .

101 787 218 869 ἔθνος
237 784 351 877 ἅγιον,
372 794 453 870 λαός
479 789 530 868 εἰς
553 785 768 877 περιποίησιν
787 790 890 856 Hehr.
905 801 937 873 4,
951 800 983 860 9.
1005 792 1089 869 λαός
1108 795 1168 860 τοῦ

107 892 224 970 θεοῦ.
252 892 340 959 Usus
367 907 473 959 autem
498 905 549 957 est
571 892 634 958 hoc
656 905 867 986 cognomento
898 896 1037 978 scriptor
1067 895 1165 958 etiam

98 1006 297 1081 propterea,
323 1004 359 1057 ut
379 996 530 1081 apposite
565 991 789 1056 animadvertit
817 991 991 1078 Κωωρριιι
1018 995 1160 1080 Opusco.

101 1115 137 1179 p.
163 1090 237 1158 261.
265 1096 342 1181 quia
363 1116 461 1180 supra
484 1099 591 1161 nto.
617 1097 668 1158 17.
689 1093 884 1156 mentionem
908 1092 1032 1165 fecerat
1052 1094 1163 1176 Esavi,

102 1195 165 1280 qni
182 1216 241 1279 pro
254 1217 318 1259 nno
337 1195 510 1261 cibaturus
525 1192 678 1258 natalium
692 1192 906 1271 vendidisset,
929 1182 1023 1258 cuius
1015 1168 1164 1258 similes

103 1297 228 1376 forent,
251 1299 349 1383 siqui
364 1298 495 1382 exiguis
512 1295 687 1361 commodis
702 1296 839 1378 permoti
853 1316 873 1356 a
887 1291 1020 1358 salutari
1040 1294 1163 1360 Christi

104 1396 282 1482 disciplina
295 1390 522 1461 desciscerent.
563 1395 734 1460 Caeterum
747 1394 828 1459 haec
841 1397 917 1481 ipsa‘
926 1393 1028 1459 verba
1042 1393 1163 1475 ἔκκλη-

104 1493 170 1584 σίρ
180 1493 402 1582 πρωτοτόκων
416 1496 721 1582 ἀπογεγραμμένων
737 1494 772 1562 ἐν
786 1493 940 1582 οὐρανοῖς
955 1496 1030 1582 (hoc
1050 1496 1162 1560 ordine
1231 1550 1234 1555 .

106 1619 149 1661 ea
170 1598 389 1660 auctoritatem
417 1596 627 1682 plurimorum
653 1597 910 1686 optimorumque
936 1597 1028 1662 codd.
1058 1599 1173 1669 secuti¹

103 1699 194 1783 typis
206 1695 419 1760 exscribenda
435 1709 584 1761 curarunt
602 1695 842 1779 Grteshoche‘ur,
865 1697 1024 1779 schottus,
1046 1699 1163 1799 Knap·
1181 1702 1188 1713 '

101 1800 206 1915 pinel
214 1798 338 1862 adiecta
362 1810 450 1885 sunt,
471 1817 536 1883 qno
563 1795 681 1860 clarior
700 1797 827 1885 reliqua
849 1800 952 1862 oratio
974 1798 1078 1863 fieret.
1102 1792 1163 1867 sul
1259 1798 1263 1810 '

106 1921 204 1987 κριτῃ
189 1898 296 1987 Θεῷ
306 1895 453 1982 πάντων]
465 1896 543 1962 Post
560 1919 655 1988 κριτῃ
637 1895 842 1991 Kouppc‘us
861 1913 893 1963 et
912 1899 1071 1965 Valerus
1062 1910 1162 1964 ruter-

107 1999 275 2087 pungunt,
287 1986 319 2062 et
336 1997 482 2084 plerique
503 2000 696 2083 interpretes
718 2000 797 2065 haec
825 1999 926 2064 verba
953 2011 1097 2064 vertunt.
1118 1992 1165 2068 cd

108 2103 254 2181 eradicem,
268 2105 324 2185 qua·
338 2109 388 2164 ert
401 2098 493 2164 Deru
507 2106 655 2180 omnium
674 2097 809 2165 πάντων
822 2099 1000 2185 explicant:
1022 2104 1162 2166 omnium

109 2194 302 2268 Iudaeorum
324 2211 356 2262 et
378 2197 545 2284 gentilium
568 2202 759 2265 somnium
786 2200 960 2265 hominum.
989 2198 1163 2285 Koappiue

107 2301 245 2369 πάντων
263 2301 363 2365 refert
386 2299 428 2364 ad
444 2298 578 2383 angelos
597 2311 629 2363 et
649 2299 795 2364 homines
811 2299 983 2386 (Manno,
999 2301 1063 2385 10.)
1084 2323 1163 2387 quo·

107 2426 180 2469 rum
208 2404 382 2466 eommunis
404 2401 550 2464 dorninus
574 2399 667 2463 Deus
686 2403 746 2482 sit,
767 2424 788 2466 a
811 2392 874 2488 quo
896 2404 999 2465 omnis
1020 2403 1052 2464 in
1068 2400 1161 2465 coelo

109 2506 143 2568 et
166 2516 254 2567 terra
282 2503 504 2566 denominetur
528 2497 684 2579 familias
712 2503 902 2587 cognomine
929 2500 1081 2565 filiorum·
1095 2500 1162 2564 Dei

108 2602 239 2690 Eph.3‚
258 2609 306 2668 15.
330 2610 362 2681 4,
375 2606 405 2663 6.
449 2599 559 2681 Notat,
581 2599 738 2665 Israelitis
752 2601 881 2689 quidem
902 2600 1162 2688 delinquentibus

107 2702 397 2821 pertimescendam
416 2701 519 2765 fuisse
541 2705 621 2766 tanti
642 2702 760 2768 iudicis
787 2704 1010 2783 seueritatem,
1037 2724 1097 2766 neo
1121 2702 1163 2767 ad

109 2805 204 2870 illurn
225 2807 359 2888 propius
380 2802 534 2866 accedere
558 2801 766 2885 licuisse,''1rs
786 2825 866 2868 vero
889 2808 944 2891 qui
973 2802 1162 2887 disciplinae

109 2904 233 2992 Christi
246 2902 386 2967 fideliter
402 2903 467 2964 rint
481 2900 611 2984 addicti,
633 2926 698 2967 non
720 2891 924 2968 metuendum
948 2923 1021 2965 esse
1046 2905 1162 2967 iratum

107 2981 260 3084 iudicem,
283 3003 341 3067 sed
362 3023 434 3066 eum
454 3003 626 3087 propitium
647 3003 846 3069 confidenter
868 3002 969 3099 adire,
990 2999 1033 3064 ah
1056 3022 1159 3088 eoque

108 3104 218 3171 fausta
244 3105 377 3191 quaevis
403 3114 594 3187 exspectare
616 3123 725 3187 posse.
771 3102 936 3188 Biduum,
975 3102 1030 3187 qui
1051 3114 1162 3167 contra
1254 3106 1259 3117 ⁴

109 3207 298 3292 Knoppr'um
336 3215 461 3284 monet,
503 3202 565 3267 hoc
596 3201 662 3265 Dei
693 3223 872 3287 cognomen
904 3200 988 3277 θεὸς
1016 3198 1162 3281 πάντων,

108 3306 153 3373 ad
174 3302 308 3390 angelos
332 3317 364 3368 et
394 3305 541 3370 homines
568 3299 721 3382 relatum,
763 3312 877 3388 parum
905 3303 1056 3367 idoneum
1076 3322 1161 3385 esse,

106 3411 207 3471 immo
231 3398 372 3469 ieiunum
393 3427 430 3470 ac
453 3424 557 3490 paene
584 3402 753 3486 frigidum,
794 3403 829 3465 iu
850 3424 891 3465 ea
911 3416 1058 3469 versatur
1088 3427 1162 3469 seu·
1220 3392 1222 3397 ¹

107 3507 212 3570 tentia
240 3514 274 3566 ut
302 3516 435 3586 statuat,
477 3507 665 3588 scriptorem
700 3504 923 3587 anteposuisse
948 3524 1062 3570 vocem
1090 3527 1163 3593 ιρι·

108 3600 173 3699 τῇ,
219 3603 303 3690 qnod
341 3605 458 3668 iudicis
494 3606 583 3667 notio
626 3624 711 3666 nuno
747 3614 834 3666 esset
869 3606 1060 3689 praecipua,
1105 3627 1164 3670 ne·
1217 3614 1219 3619 ’

109 3714 175 3795 que
204 3703 345 3769 voluerit
372 3703 559 3817 simpliciter
592 3701 700 3768 Deum
731 3704 915 3786 nominare,
961 3705 1020 3768 sed
1053 3704 1162 3788 talem,

109 3804 218 3894 qualis
249 3826 333 3868 nunc
354 3791 556 3889 potissimum
586 3804 798 3871 nominandus
827 3817 929 3878 esset3
971 3803 1162 3869 vocabulum

106 3908 215 3992 igitur
231 3927 345 3992 κριιης
374 3905 414 3968 ad
444 3909 680 3997 appositionem
699 3926 774 3970 esse
800 3904 1015 3983 referendum,
1038 3917 1069 3968 et
1088 3926 1162 3969 ver·
1186 3896 1188 3900 ὗ
1229 3955 1231 3959 .

108 4005 154 4070 ba
188 4005 308 4070 hunc
288 4028 331 4069 -ιιι
358 4005 485 4069 modum
511 4004 719 4091 explicanda:
754 4009 800 4074 ud
824 4006 957 4072 iudicem
976 4003 1099 4085 Deum,
1128 4016 1162 4072 et

107 4108 246 4193 iudicem
280 4109 405 4195 qm'dom¹
429 4114 559 4171 omnium
585 4106 764 4187 hominum,
798 4126 867 4171 sum
888 4105 1092 4188 Richtergou
1111 4109 1161 4173 ul·

108 4210 171 4275 ιιι.
213 4206 371 4295 Equidem
392 4228 456 4277 non
479 4206 619 4291 infitior,
643 4209 802 4278 interdum
822 4207 1054 4296 appositionem
1085 4202 1161 4273 suh-³
