2632 4740
402 352 557 426 Carus·
584 354 637 425 11.
672 375 708 425 v.
740 358 794 426 10.
826 363 881 426 11.
1013 306 1016 310 ¹
1051 304 1063 335 κ
1116 367 1164 434 69

103 511 239 578 alicuius
262 526 455 600 usurpator,
483 515 571 578 notio
591 517 745 582 mercedis
769 518 1007 598 etfelicitote's,
1038 543 1162 608 quaec
1226 553 1231 561 x

103 625 247 684 veterum
260 603 299 678 re
315 616 493 700 agonistica
508 617 665 701 originem
680 617 783 680 duxit.
826 616 937 682 Verba
951 623 1097 684 nimirum
1115 645 1165 687 τε·

108 713 169 778 λεῐν
184 725 218 778 et
235 714 399 789 τελειοῦν,
420 727 494 778 suut
506 713 607 781 verba
617 719 749 802 propria
763 738 885 797 eorum,
907 721 961 805 qui
982 741 1108 786 cursum
1127 724 1160 784 in
1236 745 1240 766 ι

109 814 386 900 stadio'prospere
408 813 597 896 conficiunt,
620 827 736 880 metam
757 820 936 901 attingunt,
962 831 1057 907 atque
1079 821 1161 885 adeo

111 917 246 996 praemio
260 925 427 996 ornantur,
449 926 481 978 et
494 912 642 982 τελειοῦν
657 934 733 982 τινα
752 917 869 981 dicitur
883 918 925 996 is,
947 920 1003 1006 qui
1021 918 1162 1007 aliquem

112 1013 140 1074 in
152 1013 255 1098 stadio
269 1015 426 1079 victorem
440 1014 593 1096 declarat,
614 1019 708 1103 eique
723 1021 868 1100 praemia
882 1018 1025 1095 decernit
1041 1032 1073 1082 et
1084 1042 1160 1084 con·

113 1111 165 1178 lert
176 1135 208 1176 v.
226 1115 381 1202 Ksrappte‘
393 1113 534 1201 Opuscc.
547 1137 579 1201 p.
595 1121 668 1181 258.
686 1127 719 1179 et
733 1118 950 1183 τελειοῦσθαι
964 1116 1111 1184 dicuntur
1124 1124 1160 1201 ii,
1194 1200 1198 1215 ι

115 1215 160 1300 qui
171 1218 326 1299 praemiis
341 1227 502 1279 ornantur.
545 1217 613 1281 lam
626 1229 776 1280 constans
792 1216 1023 1302 Apostolorum
1043 1222 1160 1286 doctri-

115 1327 206 1378 mest
220 1314 352 1396 Philae,
370 1321 400 1381 7.
423 1313 619 1397 Hebr.8,1.
641 1322 674 1397 7,
689 1324 741 1383 21.
762 1317 805 1381 al.
825 1317 954 1383 Christo
974 1318 1160 1404 dignitatem

114 1411 418 1500 illam-summamus
436 1415 633 1498 beatitatem,
655 1439 719 1504 qua
734 1441 807 1482 eum
821 1417 913 1482 Deus
934 1431 1159 1503 postmortem

113 1511 272 1579 toleratam
284 1519 421 1598 ornavit,
441 1539 500 1602 pro
514 1520 658 1603 praemio
675 1517 791 1593 fuisse
813 1517 888 1581 hinc
901 1517 1036 1584 verbum
1058 1522 1158 1584 teiss-

111 1613 232 1685 σῦσθοιι·
241 1615 280 1679 de
295 1614 370 1679 Iesu
386 1614 513 1681 Messio
528 1617 721 1698 adhibitum,
731 1619 859 1702 ,indicat
873 1617 1009 1704 gloriam
1031 1632 1063 1683 et
1085 1620 1157 1685 feli-

110 1715 228 1791 citatem
245 1736 409 1796 summam,
432 1717 472 1780 ad
487 1740 581 1804 quam
594 1728 668 1816 post
683 1718 866 1784 exantlatos
881 1718 933 1782 his
945 1720 980 1782 in
995 1721 1091 1783 terris
1108 1721 1156 1786 la-

109 1811 215 1896 bores,
238 1812 369 1881 evectus
385 1828 436 1881 est
451 1830 486 1881 ut
503 1824 534 1900 7,
550 1825 601 1883 28.
627 1819 658 1898 5,
674 1810 789 1909 ofissst
800 1840 897 1904 porro
918 1817 999 1882 haec
1016 1819 1156 1904 Aposto-

108 1910 205 1978 lomm
227 1916 443 1998 consuetudo,
464 1930 500 1980 ut
521 1918 621 1983 verba
636 1929 701 1981 tam
716 1910 948 1999 humilitatem,
971 1940 1064 2005 quam
1086 1921 1156 2006 glo-

106 2016 179 2078 riam
202 2013 325 2080 Christi
342 2016 554 2098 declarantia,
576 2018 617 2082 ad
635 2016 826 2081 christianos
846 2019 1039 2082 transferant
1052 2019 1156 2104 (Rom.

107 2119 133 2194 8,
148 2119 197 2178 17.
214 2122 236 2178 2
252 2114 337 2180 Tim.
352 2123 383 2197 2,
398 2119 473 2201 11.),
490 2118 565 2182 hinc
580 2119 676 2181 etiam
691 2115 907 2181 τελειοῦσθαι
918 2115 1041 2181 Christi
1054 2118 1159 2183 sectass

107 2224 188 2278 tores
209 2215 375 2303 dicuntur,
406 2229 561 2303 quatenus
584 2231 684 2280 cursu'
704 2219 790 2280 vitae
811 2214 949 2281 feliciter
968 2231 1114 2303 peracto,
1137 2244 1157 2284 a

106 2311 172 2394 Deo
187 2317 341 2400 praemiis
355 2329 517 2397 ornantur,
534 2316 698 2381 beatitatis
714 2327 863 2380 aeternae
877 2316 1051 2402 participes
1064 2319 1155 2385 fiunt.

107 2413 222 2478 Sensus
248 2414 280 2476 h.
303 2414 326 2479 l.
349 2427 413 2481 cst:
446 2416 539 2481 Deus
559 2410 723 2481 Christian
743 2429 874 2503 propter
898 2429 1034 2482 mortem
1060 2425 1157 2507 quam*
1271 2426 1272 2429 ’

107 2513 198 2578 subiit
211 2515 387 2594 violentam
399 2518 535 2602 praemii
551 2514 624 2581 loco
635 2537 759 2580 summa
773 2516 927 2581 felicitate
948 2530 981 2582 et
999 2518 1154 2605 dignitate

107 2617 235 2678 ornavit.
278 2615 379 2696 Βοιο,
401 2628 433 2679 et
456 2619 511 2702 qui
533 2638 604 2681 cum
625 2639 665 2681 eo
688 2617 826 2697 faciunt,
848 2619 1011 2699 Petreius,
1034 2621 1154 2688 Semic-

106 2735 164 2794 uu,
185 2715 339 2796 Tellerus,
363 2715 556 2795 Zachariae,
580 2715 768 2804 Cremerae,
791 2715 865 2797 alii,
882 2716 983 2781 verbo
1006 2722 1156 2795 τελειοῦν

106 2816 312 2880 consecrandi
318 2817 481 2879 notionem
493 2815 694 2882 tribuendam
709 2837 783 2880 esse
797 2820 1008 2903 praecipiunt,
1024 2831 1059 2882 ut
1068 2821 1154 2883 idem

105 2915 204 2979 ’valeat
217 2913 306 3002 quod
324 2911 493 2999 οἷγιάζειν,
515 2928 611 3002 atque
630 2916 711 2980 adeo
725 2914 825 2979 verba
842 2929 969 2982 sonent:
990 2938 1050 3000 per
1068 2916 1153 2982 cala-

107 3018 225 3080 mitates
247 3016 373 3080 muneri
393 3014 641 3080 administrando
662 3016 822 3098 initiatus,
843 3018 993 3103 pontifex
1010 3006 1170 3081 summus*

109 3127 305 3180 consecratus
324 3126 385 3179 est.
424 3112 490 3181 Sed
509 3135 701 3203 quamquam
720 3135 784 3179 non
816 3136 987 3200 negamus,
1016 3117 1051 3178 in
1071 3136 1150 3180 non·
1210 3203 1212 3207 Ι

110 3215 196 3280 nullis
215 3217 377 3280 versionis
391 3214 635 3281 Alexandrinae
652 3213 737 3279 locis
748 3212 882 3279 vorhtun
897 3214 1043 3281 τελειοῦν
1058 3229 1089 3280 et
1102 3240 1152 3282 τε-

113 3314 281 3382 λειοῦσθαι
302 3315 364 3380 hoc
380 3313 560 3401 significatu
580 3312 649 3398 legi
672 3336 705 3378 v.
718 3313 825 3380 Levit.
842 3322 894 3396 21,
911 3322 961 3381 10.
988 3323 1018 3398 8,
1034 3310 1084 3382 33.
1099 3327 1150 3384 28.

114 3411 180 3480 iaec
196 3427 307 3480 tamen
327 3417 417 3478 notio
439 3412 479 3478 ab
502 3414 534 3477 h.
554 3412 576 3476 l.
592 3414 790 3501 reliquisque
809 3413 965 3503 epistolae
991 3416 1033 3479 ad
1050 3416 1150 3489 Hebr.

116 3509 228 3579 locisin
242 3512 358 3601 quibus
378 3515 533 3580 τελειοῦν.
542 3518 695 3596 recurrit,
716 3512 822 3579 aliena
837 3526 898 3579 est.
938 3513 1152 3604 Distinguun-

119 3623 156 3676 tor
173 3618 257 3680 enim
279 3611 427 3680 τελειοῦν
448 3626 480 3678 et
499 3610 666 3697 ἁγιάζειν,
679 3613 770 3696 Deus
794 3614 911 3678 dicitur
937 3610 956 3678 ὁ
973 3617 1153 3682 τελειώσει

121 3711 250 3779 Christus
266 3712 291 3781 ὁ
307 3695 463 3798 ῦγιᾶζων,
484 3714 686 3799 refragantur
699 3706 868 3799 praeterea
887 3715 983 3781 etiam
1003 3716 1078 3790 huic
1093 3739 1152 3781 ex-

122 3810 266 3893 plicationi
281 3836 313 3880 v.
327 3818 357 3879 7.
373 3825 405 3876 et
421 3821 453 3879 9.

186 3921 236 3980 11.
258 3914 354 3980 Mens
369 3927 404 3987 et
422 3917 581 3980 sententia
597 3911 753 3998 epistolae
770 3915 908 3977 auctoris
926 3915 1052 3976 concise
1074 3917 1153 3977 seri·
1255 3928 1258 3935 ·

127 4003 301 4080 batanaea
319 4027 384 4081 est:
406 4014 515 4080 Nolite
535 4016 656 4094 mirari,
679 4035 730 4076 me
751 4013 806 4100 qui
826 4010 991 4076 Christum
1016 4013 1156 4077 dixerim

129 4102 173 4174 lbi
192 4111 292 4180 filium
311 4137 340 4180 c.
364 4122 392 4179 1.
422 4118 518 4190 etiam
539 4115 686 4179 homines
708 4115 834 4178 dixisse
855 4111 921 4175 Dei
940 4111 1027 4196 filios
1049 4134 1080 4174 v.
1105 4118 1154 4177 10.

129 4229 295 4301 quanquam
307 4221 392 4282 enim
406 4216 555 4282 Christus
573 4226 623 4280 est
646 4216 844 4280 eminentiori
860 4235 957 4299 sensu
974 4211 1039 4276 Dei
1056 4211 1154 4290 filius,
