<?xml version="1.0" encoding="UTF-8"?>
<!DOCTYPE html PUBLIC "-//W3C//DTD XHTML 1.0 Transitional//EN"
    "http://www.w3.org/TR/xhtml1/DTD/xhtml1-transitional.dtd">
<html xmlns="http://www.w3.org/1999/xhtml" xml:lang="en" lang="en">
 <head>
  <title>
</title>
<meta http-equiv="Content-Type" content="text/html;charset=utf-8" />
  <meta name='ocr-system' content='tesseract 3.04.00' />
  <meta name='ocr-capabilities' content='ocr_page ocr_carea ocr_par ocr_line ocrx_word'/>
</head>
<body>
  <div class='ocr_page' id='page_1' title='image "./dchristianitheo00kuehgoog_0087.png"; bbox 0 0 2604 4746; ppageno 0'>
   <div class='ocr_carea' id='block_1_1' title="bbox 399 333 1123 420">
    <p class='ocr_par' dir='ltr' id='par_1_1' title="bbox 399 333 1123 420">
     <span class='ocr_line' id='line_1_1' title="bbox 399 333 1123 420; baseline -0.006 -9"><span class='ocrx_word' id='word_1_1' title='bbox 399 333 567 411; x_wconf 78' lang='lat' dir='ltr'><strong>creor</strong></span> <span class='ocrx_word' id='word_1_2' title='bbox 592 339 646 413; x_wconf 90' lang='lat'><strong>11.</strong></span> <span class='ocrx_word' id='word_1_3' title='bbox 681 362 720 413; x_wconf 88' lang='grc' dir='ltr'><strong>ν.</strong></span> <span class='ocrx_word' id='word_1_4' title='bbox 744 344 780 413; x_wconf 84' lang='grc'><strong>3.</strong></span> <span class='ocrx_word' id='word_1_5' title='bbox 1073 350 1123 420; x_wconf 77' lang='lat' dir='ltr'><strong>ro</strong></span> 
     </span>
    </p>
   </div>
   <div class='ocr_carea' id='block_1_2' title="bbox 10 497 1191 3509">
    <p class='ocr_par' dir='ltr' id='par_1_2' title="bbox 10 497 1191 3509">
     <span class='ocr_line' id='line_1_2' title="bbox 50 497 1119 589; baseline 0.004 -20"><span class='ocrx_word' id='word_1_6' title='bbox 50 503 161 589; x_wconf 82' lang='grc' dir='ltr'><strong><em>βοῦσα</em></strong></span> <span class='ocrx_word' id='word_1_7' title='bbox 187 501 430 569; x_wconf 75' lang='grc' dir='ltr'><strong><em>λαλεῖσθαι</em></strong></span> <span class='ocrx_word' id='word_1_8' title='bbox 451 499 512 569; x_wconf 78' lang='grc' dir='ltr'><strong><em>διιί</em></strong></span> <span class='ocrx_word' id='word_1_9' title='bbox 532 501 592 568; x_wconf 77' lang='grc' dir='ltr'><strong><em>τοῦ</em></strong></span> <span class='ocrx_word' id='word_1_10' title='bbox 607 497 729 587; x_wconf 82' lang='grc' dir='ltr'><strong><em>κυρίου.</em></strong></span> <span class='ocrx_word' id='word_1_11' title='bbox 770 500 861 568; x_wconf 85' lang='lat' dir='ltr'><strong>Male</strong></span> <span class='ocrx_word' id='word_1_12' title='bbox 880 505 980 589; x_wconf 78' lang='lat' dir='ltr'><strong>igitur</strong></span> <span class='ocrx_word' id='word_1_13' title='bbox 1006 503 1119 574; x_wconf 75' lang='lat' dir='ltr'><strong>Sedel-</strong></span> 
     </span>
     <span class='ocr_line' id='line_1_3' title="bbox 50 601 1118 687; baseline 0.002 -18"><span class='ocrx_word' id='word_1_14' title='bbox 50 610 117 669; x_wconf 78' lang='grc' dir='ltr'><strong><em>τῖκε</em></strong></span> <span class='ocrx_word' id='word_1_15' title='bbox 135 605 174 666; x_wconf 89' lang='lat' dir='ltr'><strong>in</strong></span> <span class='ocrx_word' id='word_1_16' title='bbox 192 601 385 685; x_wconf 64' lang='lat' dir='ltr'><strong>fflkle&#39;irusg</strong></span> <span class='ocrx_word' id='word_1_17' title='bbox 401 602 433 667; x_wconf 83' lang='lat' dir='ltr'><strong>d·</strong></span> <span class='ocrx_word' id='word_1_18' title='bbox 445 601 559 681; x_wconf 61' lang='lat' dir='ltr'><strong>Bnefs</strong></span> <span class='ocrx_word' id='word_1_19' title='bbox 577 625 621 669; x_wconf 83' lang='lat' dir='ltr'><strong>ars</strong></span> <span class='ocrx_word' id='word_1_20' title='bbox 640 601 763 670; x_wconf 70' lang='lat' dir='ltr'><strong>altor.</strong></span> <span class='ocrx_word' id='word_1_21' title='bbox 777 624 809 687; x_wconf 85' lang='lat' dir='ltr'><strong>p.</strong></span> <span class='ocrx_word' id='word_1_22' title='bbox 825 608 897 668; x_wconf 86' lang='lat'><strong>156.</strong></span> <span class='ocrx_word' id='word_1_23' title='bbox 911 604 943 667; x_wconf 83' lang='lat' dir='ltr'><strong>h.</strong></span> <span class='ocrx_word' id='word_1_24' title='bbox 957 603 979 671; x_wconf 89' lang='lat' dir='ltr'><strong>l.</strong></span> <span class='ocrx_word' id='word_1_25' title='bbox 995 620 1027 669; x_wconf 92' lang='lat' dir='ltr'><strong>et</strong></span> <span class='ocrx_word' id='word_1_26' title='bbox 1042 606 1118 671; x_wconf 92' lang='lat' dir='ltr'><strong>reli·</strong></span> 
     </span>
     <span class='ocr_line' id='line_1_4' title="bbox 52 698 1120 789; baseline 0.007 -23"><span class='ocrx_word' id='word_1_27' title='bbox 52 705 120 789; x_wconf 83' lang='lat' dir='ltr'><strong>quis</strong></span> <span class='ocrx_word' id='word_1_28' title='bbox 132 703 306 787; x_wconf 77' lang='lat' dir='ltr'><strong>lruius&#39;ep.</strong></span> <span class='ocrx_word' id='word_1_29' title='bbox 318 700 400 768; x_wconf 90' lang='lat' dir='ltr'><strong>locis</strong></span> <span class='ocrx_word' id='word_1_30' title='bbox 413 723 526 767; x_wconf 86' lang='lat' dir='ltr'><strong>vocem</strong></span> <span class='ocrx_word' id='word_1_31' title='bbox 540 698 685 788; x_wconf 83' lang='grc' dir='ltr'><strong><em>σωτηρία</em></strong></span> <span class='ocrx_word' id='word_1_32' title='bbox 698 702 738 765; x_wconf 92' lang='lat' dir='ltr'><strong>de</strong></span> <span class='ocrx_word' id='word_1_33' title='bbox 749 702 922 780; x_wconf 76' lang='lat' dir='ltr'><strong>felicitate</strong></span> <span class='ocrx_word' id='word_1_34' title='bbox 940 706 1120 773; x_wconf 79' lang='lat' dir='ltr'><strong>cdrirts&#39;rrso</strong></span> 
     </span>
     <span class='ocr_line' id='line_1_5' title="bbox 52 801 1118 889; baseline 0.005 -22"><span class='ocrx_word' id='word_1_35' title='bbox 52 801 287 889; x_wconf 73' lang='lat' dir='ltr'><strong>explicandam</strong></span> <span class='ocrx_word' id='word_1_36' title='bbox 309 824 385 868; x_wconf 88' lang='lat' dir='ltr'><strong>esse</strong></span> <span class='ocrx_word' id='word_1_37' title='bbox 405 805 527 868; x_wconf 77' lang='lat' dir='ltr'><strong>statuit.</strong></span> <span class='ocrx_word' id='word_1_38' title='bbox 575 802 690 888; x_wconf 77' lang='lat' dir='ltr'><strong>Longe</strong></span> <span class='ocrx_word' id='word_1_39' title='bbox 722 801 788 866; x_wconf 84' lang='lat' dir='ltr'><strong>alia</strong></span> <span class='ocrx_word' id='word_1_40' title='bbox 814 801 882 866; x_wconf 88' lang='lat' dir='ltr'><strong>illis</strong></span> <span class='ocrx_word' id='word_1_41' title='bbox 904 807 938 868; x_wconf 90' lang='lat' dir='ltr'><strong>in</strong></span> <span class='ocrx_word' id='word_1_42' title='bbox 960 804 1044 872; x_wconf 83' lang='lat' dir='ltr'><strong>locis</strong></span> <span class='ocrx_word' id='word_1_43' title='bbox 1067 819 1118 872; x_wconf 86' lang='lat' dir='ltr'><strong>est</strong></span> 
     </span>
     <span class='ocr_line' id='line_1_6' title="bbox 51 901 1116 974; baseline 0.005 -5"><span class='ocrx_word' id='word_1_44' title='bbox 51 903 228 969; x_wconf 77' lang='lat' dir='ltr'><strong>verborum</strong></span> <span class='ocrx_word' id='word_1_45' title='bbox 250 901 422 968; x_wconf 77' lang='lat' dir='ltr'><strong>collocatio</strong></span> <span class='ocrx_word' id='word_1_46' title='bbox 446 915 479 968; x_wconf 89' lang='lat' dir='ltr'><strong>et</strong></span> <span class='ocrx_word' id='word_1_47' title='bbox 494 904 650 967; x_wconf 87' lang='lat' dir='ltr'><strong>orationis</strong></span> <span class='ocrx_word' id='word_1_48' title='bbox 671 904 785 967; x_wconf 89' lang='lat' dir='ltr'><strong>series.</strong></span> <span class='ocrx_word' id='word_1_49' title='bbox 829 901 1054 971; x_wconf 85' lang='lat' dir='ltr'><strong>Theodoretus</strong></span> <span class='ocrx_word' id='word_1_50' title='bbox 1074 910 1116 974; x_wconf 89' lang='lat' dir='ltr'><strong>ad</strong></span> 
     </span>
     <span class='ocr_line' id='line_1_7' title="bbox 51 1000 1191 1093; baseline 0.004 -24"><span class='ocrx_word' id='word_1_51' title='bbox 51 1000 143 1070; x_wconf 77' lang='lat' dir='ltr'><strong>utr&#39;</strong></span> <span class='ocrx_word' id='word_1_52' title='bbox 156 1004 321 1073; x_wconf 75' lang='grc' dir='ltr'><strong><em>ἐνταῦθα</em></strong></span> <span class='ocrx_word' id='word_1_53' title='bbox 337 1006 375 1072; x_wconf 78' lang='grc' dir='ltr'><strong>δὲ</strong></span> <span class='ocrx_word' id='word_1_54' title='bbox 387 1001 493 1079; x_wconf 74' lang='grc' dir='ltr'><strong><em>αὐτὸς</em></strong></span> <span class='ocrx_word' id='word_1_55' title='bbox 511 1001 531 1067; x_wconf 90' lang='grc' dir='ltr'>ὁ</span> <span class='ocrx_word' id='word_1_56' title='bbox 549 1004 615 1067; x_wconf 85' lang='grc' dir='ltr'><strong>τῶν</strong></span> <span class='ocrx_word' id='word_1_57' title='bbox 632 1001 784 1084; x_wconf 76' lang='grc' dir='ltr'><strong><em>α’νγὲλων</em></strong></span> <span class='ocrx_word' id='word_1_58' title='bbox 802 1002 968 1084; x_wconf 78' lang='grc' dir='ltr'><em>δεσπότης</em></span> <span class='ocrx_word' id='word_1_59' title='bbox 986 1008 1117 1093; x_wconf 73' lang='grc' dir='ltr'><strong><em>πρῶτος</em></strong></span> <span class='ocrx_word' id='word_1_60' title='bbox 1172 1022 1191 1049; x_wconf 87' lang='grc'><strong>’-</strong></span> 
     </span>
     <span class='ocr_line' id='line_1_8' title="bbox 10 1096 1116 1191; baseline 0.002 -20"><span class='ocrx_word' id='word_1_61' title='bbox 10 1154 12 1161; x_wconf 83' lang='grc'><strong>.</strong></span> <span class='ocrx_word' id='word_1_62' title='bbox 51 1100 296 1191; x_wconf 74' lang='grc' dir='ltr'><strong><em>τὴνσωτήριον</em></strong></span> <span class='ocrx_word' id='word_1_63' title='bbox 308 1099 536 1170; x_wconf 77' lang='grc' dir='ltr'><strong><em>διδασκαλίαν</em></strong></span> <span class='ocrx_word' id='word_1_64' title='bbox 547 1096 766 1187; x_wconf 80' lang='grc' dir='ltr'><strong><em>προσήνεγκε,</em></strong></span> <span class='ocrx_word' id='word_1_65' title='bbox 786 1099 975 1181; x_wconf 77' lang='grc' dir='ltr'><strong><em>διεδέξαντο</em></strong></span> <span class='ocrx_word' id='word_1_66' title='bbox 987 1106 1023 1171; x_wconf 82' lang='grc' dir='ltr'><strong>δὲ</strong></span> <span class='ocrx_word' id='word_1_67' title='bbox 1036 1108 1116 1173; x_wconf 81' lang='grc' dir='ltr'><strong><em>τού-</em></strong></span> 
     </span>
     <span class='ocr_line' id='line_1_9' title="bbox 51 1198 1123 1293; baseline 0.001 -21"><span class='ocrx_word' id='word_1_68' title='bbox 51 1228 111 1285; x_wconf 90' lang='grc' dir='ltr'><strong>την</strong></span> <span class='ocrx_word' id='word_1_69' title='bbox 124 1206 159 1272; x_wconf 82' lang='grc' dir='ltr'><strong>οῖ</strong></span> <span class='ocrx_word' id='word_1_70' title='bbox 171 1206 233 1284; x_wconf 74' lang='grc' dir='ltr'><strong><em>τῆς</em></strong></span> <span class='ocrx_word' id='word_1_71' title='bbox 246 1201 468 1284; x_wconf 79' lang='grc' dir='ltr'><strong><em>τὶποστολικῆς</em></strong></span> <span class='ocrx_word' id='word_1_72' title='bbox 483 1198 736 1278; x_wconf 71' lang='grc' dir='ltr'><strong><em>ἀπολαύσαντες</em></strong></span> <span class='ocrx_word' id='word_1_73' title='bbox 747 1201 891 1290; x_wconf 82' lang='grc' dir='ltr'><strong><em>χάριτος.</em></strong></span> <span class='ocrx_word' id='word_1_74' title='bbox 911 1240 955 1252; x_wconf 93' lang='grc'><strong>-</strong></span> <span class='ocrx_word' id='word_1_75' title='bbox 968 1201 1123 1293; x_wconf 76' lang='grc' dir='ltr'><strong>Ἀμελεῖνι</strong></span> 
     </span>
     <span class='ocr_line' id='line_1_10' title="bbox 51 1303 1117 1394; baseline 0.003 -23"><span class='ocrx_word' id='word_1_76' title='bbox 51 1327 119 1371; x_wconf 76' lang='grc' dir='ltr'><strong>που</strong></span> <span class='ocrx_word' id='word_1_77' title='bbox 143 1317 332 1390; x_wconf 88' lang='lat' dir='ltr'><strong>opponatur</strong></span> <span class='ocrx_word' id='word_1_78' title='bbox 347 1303 458 1369; x_wconf 85' lang='lat' dir='ltr'><strong>verbis</strong></span> <span class='ocrx_word' id='word_1_79' title='bbox 473 1308 563 1389; x_wconf 85' lang='lat' dir='ltr'><strong>&#39;quae</strong></span> <span class='ocrx_word' id='word_1_80' title='bbox 583 1322 615 1364; x_wconf 82' lang='lat' dir='ltr'><strong>v.</strong></span> <span class='ocrx_word' id='word_1_81' title='bbox 632 1308 661 1365; x_wconf 88' lang='lat'><strong>1.</strong></span> <span class='ocrx_word' id='word_1_82' title='bbox 679 1315 762 1367; x_wconf 87' lang='lat' dir='ltr'><strong>extr.</strong></span> <span class='ocrx_word' id='word_1_83' title='bbox 781 1304 931 1389; x_wconf 82' lang='lat' dir='ltr'><strong>leguntur</strong></span> <span class='ocrx_word' id='word_1_84' title='bbox 942 1308 1117 1394; x_wconf 76' lang='grc' dir='ltr'><strong><em>προσέχειν</em></strong></span> 
     </span>
     <span class='ocr_line' id='line_1_11' title="bbox 53 1400 1114 1488; baseline 0.001 -17"><span class='ocrx_word' id='word_1_85' title='bbox 53 1426 80 1471; x_wconf 86' lang='grc' dir='ltr'><strong>κ.</strong></span> <span class='ocrx_word' id='word_1_86' title='bbox 88 1428 120 1475; x_wconf 91' lang='grc' dir='ltr'><strong>τ.</strong></span> <span class='ocrx_word' id='word_1_87' title='bbox 131 1406 166 1470; x_wconf 93' lang='grc' dir='ltr'><strong>λ.</strong></span> <span class='ocrx_word' id='word_1_88' title='bbox 188 1416 297 1470; x_wconf 87' lang='lat' dir='ltr'><strong>notat:</strong></span> <span class='ocrx_word' id='word_1_89' title='bbox 318 1405 494 1468; x_wconf 77' lang='lat' dir='ltr'><strong>doctrinam</strong></span> <span class='ocrx_word' id='word_1_90' title='bbox 508 1422 628 1488; x_wconf 86' lang='lat' dir='ltr'><strong>susque</strong></span> <span class='ocrx_word' id='word_1_91' title='bbox 643 1400 748 1487; x_wconf 81' lang='lat' dir='ltr'><strong>dequo</strong></span> <span class='ocrx_word' id='word_1_92' title='bbox 763 1403 894 1485; x_wconf 89' lang='lat' dir='ltr'><strong>habere,</strong></span> <span class='ocrx_word' id='word_1_93' title='bbox 917 1407 949 1468; x_wconf 86' lang='lat' dir='ltr'><strong>ei</strong></span> <span class='ocrx_word' id='word_1_94' title='bbox 970 1428 1034 1471; x_wconf 91' lang='lat' dir='ltr'><strong>non</strong></span> <span class='ocrx_word' id='word_1_95' title='bbox 1055 1408 1114 1472; x_wconf 89' lang='lat' dir='ltr'><strong>ob·</strong></span> 
     </span>
     <span class='ocr_line' id='line_1_12' title="bbox 52 1500 1115 1594; baseline 0.003 -23"><span class='ocrx_word' id='word_1_96' title='bbox 52 1519 252 1593; x_wconf 87' lang='lat' dir='ltr'><strong>temperare,</strong></span> <span class='ocrx_word' id='word_1_97' title='bbox 272 1507 339 1579; x_wconf 88' lang='lat' dir='ltr'><strong>imo</strong></span> <span class='ocrx_word' id='word_1_98' title='bbox 358 1503 399 1569; x_wconf 89' lang='lat' dir='ltr'><strong>ab</strong></span> <span class='ocrx_word' id='word_1_99' title='bbox 423 1508 463 1567; x_wconf 78' lang='lat' dir='ltr'><strong>ea</strong></span> <span class='ocrx_word' id='word_1_100' title='bbox 481 1500 620 1567; x_wconf 82' lang='lat' dir='ltr'><strong>deficere</strong></span> <span class='ocrx_word' id='word_1_101' title='bbox 637 1521 668 1563; x_wconf 85' lang='lat' dir='ltr'><strong>v.</strong></span> <span class='ocrx_word' id='word_1_102' title='bbox 690 1505 740 1580; x_wconf 89' lang='grc'><strong>10,</strong></span> <span class='ocrx_word' id='word_1_103' title='bbox 761 1506 813 1565; x_wconf 90' lang='grc'><strong>26.</strong></span> <span class='ocrx_word' id='word_1_104' title='bbox 838 1502 991 1571; x_wconf 86' lang='lat' dir='ltr'><strong>Formula</strong></span> <span class='ocrx_word' id='word_1_105' title='bbox 1007 1504 1115 1594; x_wconf 76' lang='grc' dir='ltr'><strong><em>α’ρχήν</em></strong></span> 
     </span>
     <span class='ocr_line' id='line_1_13' title="bbox 55 1600 1114 1691; baseline 0.001 -20"><span class='ocrx_word' id='word_1_106' title='bbox 55 1605 243 1691; x_wconf 76' lang='grc' dir='ltr'><strong><em>λαμβάνειν</em></strong></span> <span class='ocrx_word' id='word_1_107' title='bbox 262 1604 438 1690; x_wconf 74' lang='lat' dir='ltr'><strong>respondet</strong></span> <span class='ocrx_word' id='word_1_108' title='bbox 448 1600 557 1665; x_wconf 86' lang='lat' dir='ltr'><strong>Latin.</strong></span> <span class='ocrx_word' id='word_1_109' title='bbox 573 1604 695 1666; x_wconf 65' lang='grc' dir='ltr'><strong><em>ιὐιλνὶιικ</em></strong></span> <span class='ocrx_word' id='word_1_110' title='bbox 710 1622 844 1687; x_wconf 83' lang='lat' dir='ltr'><strong>capere,</strong></span> <span class='ocrx_word' id='word_1_111' title='bbox 865 1625 1035 1688; x_wconf 74' lang='lat' dir='ltr'><strong>capessere</strong></span> <span class='ocrx_word' id='word_1_112' title='bbox 1048 1607 1114 1672; x_wconf 86' lang='grc' dir='ltr'><strong>Ζο-</strong></span> 
     </span>
     <span class='ocr_line' id='line_1_14' title="bbox 56 1688 1113 1790; baseline 0.001 -17"><span class='ocrx_word' id='word_1_113' title='bbox 56 1710 120 1773; x_wconf 82' lang='grc' dir='ltr'><strong>ιίυι.</strong></span> <span class='ocrx_word' id='word_1_114' title='bbox 135 1714 167 1788; x_wconf 92' lang='grc'><strong>1,</strong></span> <span class='ocrx_word' id='word_1_115' title='bbox 180 1713 217 1772; x_wconf 85' lang='grc'><strong>’3.</strong></span> <span class='ocrx_word' id='word_1_116' title='bbox 235 1711 266 1770; x_wconf 94' lang='grc'><strong>1.</strong></span> <span class='ocrx_word' id='word_1_117' title='bbox 280 1699 387 1782; x_wconf 65' lang='grc' dir='ltr'><strong><em>,οὗτος</em></strong></span> <span class='ocrx_word' id='word_1_118' title='bbox 398 1704 437 1770; x_wconf 76' lang='lat' dir='ltr'><strong>dd</strong></span> <span class='ocrx_word' id='word_1_119' title='bbox 455 1702 475 1768; x_wconf 92' lang='grc' dir='ltr'>ὁ</span> <span class='ocrx_word' id='word_1_120' title='bbox 491 1699 607 1787; x_wconf 78' lang='grc' dir='ltr'><strong><em>βωμὸς</em></strong></span> <span class='ocrx_word' id='word_1_121' title='bbox 619 1688 712 1778; x_wconf 79' lang='grc' dir='ltr'><strong>καὶὴ</strong></span> <span class='ocrx_word' id='word_1_122' title='bbox 727 1701 788 1782; x_wconf 81' lang='grc' dir='ltr'><strong><em>τῆς</em></strong></span> <span class='ocrx_word' id='word_1_123' title='bbox 805 1703 994 1790; x_wconf 78' lang='grc' dir='ltr'><strong><em>ἱερουργίας</em></strong></span> <span class='ocrx_word' id='word_1_124' title='bbox 1008 1707 1113 1773; x_wconf 86' lang='grc' dir='ltr'><strong><em>κατοί-</em></strong></span> 
     </span>
     <span class='ocr_line' id='line_1_15' title="bbox 56 1796 1113 1895; baseline 0.001 -20"><span class='ocrx_word' id='word_1_125' title='bbox 56 1830 173 1885; x_wconf 85' lang='grc' dir='ltr'><strong><em>στασις</em></strong></span> <span class='ocrx_word' id='word_1_126' title='bbox 186 1802 301 1895; x_wconf 78' lang='grc' dir='ltr'><strong><em>α’ρχήν</em></strong></span> <span class='ocrx_word' id='word_1_127' title='bbox 312 1801 436 1889; x_wconf 77' lang='grc' dir='ltr'><strong><em>ἔλαβεν</em></strong></span> <span class='ocrx_word' id='word_1_128' title='bbox 448 1798 486 1880; x_wconf 78' lang='grc' dir='ltr'><strong>ἐξ</strong></span> <span class='ocrx_word' id='word_1_129' title='bbox 496 1796 609 1893; x_wconf 75' lang='grc' dir='ltr'><strong><em>αἰτίας</em></strong></span> <span class='ocrx_word' id='word_1_130' title='bbox 620 1799 759 1868; x_wconf 81' lang='grc' dir='ltr'><strong><em>τοιᾶσδε</em></strong></span> <span class='ocrx_word' id='word_1_131' title='bbox 776 1802 857 1868; x_wconf 82' lang='lat' dir='ltr'><strong>loeo</strong></span> <span class='ocrx_word' id='word_1_132' title='bbox 873 1816 979 1870; x_wconf 75' lang='lat' dir='ltr'><strong>autem</strong></span> <span class='ocrx_word' id='word_1_133' title='bbox 997 1829 1062 1873; x_wconf 85' lang='lat' dir='ltr'><strong>ora</strong></span> <span class='ocrx_word' id='word_1_134' title='bbox 1078 1820 1113 1876; x_wconf 87' lang='lat' dir='ltr'><strong>et</strong></span> 
     </span>
     <span class='ocr_line' id='line_1_16' title="bbox 57 1904 1112 1989; baseline -0.004 -13"><span class='ocrx_word' id='word_1_135' title='bbox 57 1913 279 1976; x_wconf 65' lang='lat' dir='ltr'><strong>hortationis</strong></span> <span class='ocrx_word' id='word_1_136' title='bbox 294 1913 395 1987; x_wconf 78' lang='lat' dir='ltr'><strong>riter,</strong></span> <span class='ocrx_word' id='word_1_137' title='bbox 416 1906 482 1970; x_wconf 80' lang='lat' dir='ltr'><strong>toli</strong></span> <span class='ocrx_word' id='word_1_138' title='bbox 496 1904 634 1989; x_wconf 69' lang='lat' dir='ltr'><strong>quadum</strong></span> <span class='ocrx_word' id='word_1_139' title='bbox 652 1919 698 1965; x_wconf 79' lang='grc' dir='ltr'><strong>ια</strong></span> <span class='ocrx_word' id='word_1_140' title='bbox 715 1922 832 1969; x_wconf 80' lang='lat' dir='ltr'><strong>consta</strong></span> <span class='ocrx_word' id='word_1_141' title='bbox 849 1908 974 1971; x_wconf 71' lang='lat' dir='ltr'><strong>initiunt</strong></span> <span class='ocrx_word' id='word_1_142' title='bbox 991 1906 1112 1975; x_wconf 73' lang='grc' dir='ltr'><strong>λσόκῖί.</strong></span> 
     </span>
     <span class='ocr_line' id='line_1_17' title="bbox 58 1995 1112 2092; baseline -0.003 -17"><span class='ocrx_word' id='word_1_143' title='bbox 58 2010 124 2089; x_wconf 77' lang='lat' dir='ltr'><strong>del</strong></span> <span class='ocrx_word' id='word_1_144' title='bbox 135 2009 185 2075; x_wconf 83' lang='grc' dir='ltr'><strong>Η.</strong></span> <span class='ocrx_word' id='word_1_145' title='bbox 200 2007 246 2076; x_wconf 83' lang='lat' dir='ltr'><strong>V.</strong></span> <span class='ocrx_word' id='word_1_146' title='bbox 262 2013 294 2088; x_wconf 88' lang='grc'><strong>2,</strong></span> <span class='ocrx_word' id='word_1_147' title='bbox 307 2010 359 2072; x_wconf 81' lang='grc'><strong>28.</strong></span> <span class='ocrx_word' id='word_1_148' title='bbox 381 2001 499 2070; x_wconf 86' lang='grc' dir='ltr'><strong><em>πόθεν</em></strong></span> <span class='ocrx_word' id='word_1_149' title='bbox 510 2003 547 2069; x_wconf 77' lang='grc' dir='ltr'><strong>δὲ</strong></span> <span class='ocrx_word' id='word_1_150' title='bbox 557 2001 619 2081; x_wconf 75' lang='grc' dir='ltr'><strong>τήν</strong></span> <span class='ocrx_word' id='word_1_151' title='bbox 636 1997 740 2086; x_wconf 76' lang='grc' dir='ltr'><strong><em>ἀρχὴν</em></strong></span> <span class='ocrx_word' id='word_1_152' title='bbox 753 1999 881 2085; x_wconf 78' lang='grc' dir='ltr'><strong><em>ἔλαβεν</em></strong></span> <span class='ocrx_word' id='word_1_153' title='bbox 898 2002 958 2071; x_wconf 74' lang='grc' dir='ltr'><strong>ὅδε</strong></span> <span class='ocrx_word' id='word_1_154' title='bbox 972 1995 1112 2092; x_wconf 78' lang='grc' dir='ltr'><strong><em>ὁνόμος,</em></strong></span> 
     </span>
     <span class='ocr_line' id='line_1_18' title="bbox 58 2094 1112 2197; baseline -0.006 -22"><span class='ocrx_word' id='word_1_155' title='bbox 58 2110 112 2197; x_wconf 75' lang='grc' dir='ltr'><strong><em>λρῖι</em></strong></span> <span class='ocrx_word' id='word_1_156' title='bbox 130 2094 209 2175; x_wconf 84' lang='lat' dir='ltr'><strong>add.</strong></span> <span class='ocrx_word' id='word_1_157' title='bbox 225 2114 278 2188; x_wconf 74' lang='grc'><strong>12,</strong></span> <span class='ocrx_word' id='word_1_158' title='bbox 290 2111 342 2172; x_wconf 83' lang='grc'><strong>53.</strong></span> <span class='ocrx_word' id='word_1_159' title='bbox 363 2103 545 2184; x_wconf 78' lang='lat' dir='ltr'><strong>Herodi2,</strong></span> <span class='ocrx_word' id='word_1_160' title='bbox 563 2108 658 2167; x_wconf 89' lang='lat'><strong>11.1.</strong></span> <span class='ocrx_word' id='word_1_161' title='bbox 680 2101 842 2187; x_wconf 86' lang='lat' dir='ltr'><strong>Exempla</strong></span> <span class='ocrx_word' id='word_1_162' title='bbox 853 2125 871 2166; x_wconf 88' lang='lat' dir='ltr'><strong>e</strong></span> <span class='ocrx_word' id='word_1_163' title='bbox 882 2101 1018 2186; x_wconf 78' lang='lat' dir='ltr'><strong>Polybio</strong></span> <span class='ocrx_word' id='word_1_164' title='bbox 1036 2128 1112 2193; x_wconf 86' lang='lat' dir='ltr'><strong>sup·</strong></span> 
     </span>
     <span class='ocr_line' id='line_1_19' title="bbox 57 2200 1113 2296; baseline -0.006 -22"><span class='ocrx_word' id='word_1_165' title='bbox 57 2208 210 2296; x_wconf 84' lang='lat' dir='ltr'><strong>peditabit</strong></span> <span class='ocrx_word' id='word_1_166' title='bbox 227 2207 407 2294; x_wconf 76' lang='lat' dir='ltr'><strong>Rupdelt&#39;ut</strong></span> <span class='ocrx_word' id='word_1_167' title='bbox 419 2203 526 2269; x_wconf 83' lang='lat' dir='ltr'><strong>0bss.</strong></span> <span class='ocrx_word' id='word_1_168' title='bbox 539 2201 675 2286; x_wconf 62' lang='lat' dir='ltr'><strong>Polybbz</strong></span> <span class='ocrx_word' id='word_1_169' title='bbox 690 2202 730 2264; x_wconf 84' lang='lat' dir='ltr'><strong>ad</strong></span> <span class='ocrx_word' id='word_1_170' title='bbox 746 2201 778 2267; x_wconf 87' lang='lat' dir='ltr'><strong>h.</strong></span> <span class='ocrx_word' id='word_1_171' title='bbox 790 2200 813 2265; x_wconf 89' lang='lat' dir='ltr'><strong>l.</strong></span> <span class='ocrx_word' id='word_1_172' title='bbox 856 2202 916 2265; x_wconf 87' lang='lat' dir='ltr'><strong>Est</strong></span> <span class='ocrx_word' id='word_1_173' title='bbox 934 2217 1039 2270; x_wconf 90' lang='lat' dir='ltr'><strong>autem</strong></span> <span class='ocrx_word' id='word_1_174' title='bbox 1052 2206 1113 2292; x_wconf 81' lang='lat' dir='ltr'><strong>a&#39;p·</strong></span> 
     </span>
     <span class='ocr_line' id='line_1_20' title="bbox 55 2300 1112 2400; baseline -0.006 -22"><span class='ocrx_word' id='word_1_175' title='bbox 55 2312 110 2397; x_wconf 74' lang='lat' dir='ltr'><strong>pir.</strong></span> <span class='ocrx_word' id='word_1_176' title='bbox 119 2309 282 2400; x_wconf 78' lang='grc' dir='ltr'><strong><em>λαβοῦσα</em></strong></span> <span class='ocrx_word' id='word_1_177' title='bbox 292 2304 479 2372; x_wconf 74' lang='grc' dir='ltr'><strong><em>λαλεῖσθαι</em></strong></span> <span class='ocrx_word' id='word_1_178' title='bbox 490 2305 608 2368; x_wconf 89' lang='lat' dir='ltr'><strong>dictum</strong></span> <span class='ocrx_word' id='word_1_179' title='bbox 620 2300 827 2394; x_wconf 78' lang='grc' dir='ltr'><strong><em>ρτο,ε’να’ρχῇ</em></strong></span> <span class='ocrx_word' id='word_1_180' title='bbox 837 2301 1040 2381; x_wconf 84' lang='grc' dir='ltr'><strong><em>λαληθεῖσα.</em></strong></span> <span class='ocrx_word' id='word_1_181' title='bbox 1058 2305 1112 2372; x_wconf 90' lang='lat' dir='ltr'><strong>Ne</strong></span> 
     </span>
     <span class='ocr_line' id='line_1_21' title="bbox 41 2400 1113 2492; baseline -0.004 -14"><span class='ocrx_word' id='word_1_182' title='bbox 41 2406 46 2415; x_wconf 79' lang='grc'><strong>’</strong></span> <span class='ocrx_word' id='word_1_183' title='bbox 60 2412 232 2482; x_wconf 81' lang='lat' dir='ltr'><strong>obiicereut</strong></span> <span class='ocrx_word' id='word_1_184' title='bbox 248 2407 400 2492; x_wconf 76' lang='lat' dir='ltr'><strong>scriptori</strong></span> <span class='ocrx_word' id='word_1_185' title='bbox 414 2403 566 2486; x_wconf 85' lang='lat' dir='ltr'><strong>lectores,</strong></span> <span class='ocrx_word' id='word_1_186' title='bbox 589 2424 626 2467; x_wconf 89' lang='lat' dir='ltr'><strong>se</strong></span> <span class='ocrx_word' id='word_1_187' title='bbox 640 2400 804 2467; x_wconf 81' lang='lat' dir='ltr'><strong>Christum</strong></span> <span class='ocrx_word' id='word_1_188' title='bbox 818 2404 924 2487; x_wconf 85' lang='lat' dir='ltr'><strong>ipsum</strong></span> <span class='ocrx_word' id='word_1_189' title='bbox 944 2407 1113 2475; x_wconf 77' lang='lat' dir='ltr'><strong>docentem</strong></span> 
     </span>
     <span class='ocr_line' id='line_1_22' title="bbox 60 2502 1112 2598; baseline -0.004 -21"><span class='ocrx_word' id='word_1_190' title='bbox 60 2534 113 2577; x_wconf 87' lang='lat' dir='ltr'><strong>uon</strong></span> <span class='ocrx_word' id='word_1_191' title='bbox 122 2511 313 2598; x_wconf 67' lang='lat' dir='ltr'><strong>audivisse,</strong></span> <span class='ocrx_word' id='word_1_192' title='bbox 333 2527 439 2592; x_wconf 89' lang='lat' dir='ltr'><strong>neque</strong></span> <span class='ocrx_word' id='word_1_193' title='bbox 453 2507 536 2570; x_wconf 88' lang='lat' dir='ltr'><strong>adeo</strong></span> <span class='ocrx_word' id='word_1_194' title='bbox 549 2505 589 2568; x_wconf 89' lang='lat' dir='ltr'><strong>de</strong></span> <span class='ocrx_word' id='word_1_195' title='bbox 602 2502 765 2566; x_wconf 89' lang='lat' dir='ltr'><strong>doctrinae</strong></span> <span class='ocrx_word' id='word_1_196' title='bbox 778 2505 861 2586; x_wconf 86' lang='lat' dir='ltr'><strong>ipsis</strong></span> <span class='ocrx_word' id='word_1_197' title='bbox 874 2505 1009 2570; x_wconf 85' lang='lat' dir='ltr'><strong>traditae</strong></span> <span class='ocrx_word' id='word_1_198' title='bbox 1025 2511 1112 2573; x_wconf 88' lang='lat' dir='ltr'><strong>veri·</strong></span> 
     </span>
     <span class='ocr_line' id='line_1_23' title="bbox 59 2596 1112 2691; baseline -0.019 -11"><span class='ocrx_word' id='word_1_199' title='bbox 59 2614 202 2679; x_wconf 69' lang='lat' dir='ltr'><strong>mesatis</strong></span> <span class='ocrx_word' id='word_1_200' title='bbox 214 2616 379 2680; x_wconf 81' lang='lat' dir='ltr'><strong>constare3</strong></span> <span class='ocrx_word' id='word_1_201' title='bbox 393 2605 495 2670; x_wconf 86' lang='lat' dir='ltr'><strong>addit:</strong></span> <span class='ocrx_word' id='word_1_202' title='bbox 507 2602 576 2672; x_wconf 75' lang='grc' dir='ltr'><strong>ὑπὸ</strong></span> <span class='ocrx_word' id='word_1_203' title='bbox 589 2602 656 2671; x_wconf 72' lang='grc' dir='ltr'><strong><em>τῶν</em></strong></span> <span class='ocrx_word' id='word_1_204' title='bbox 662 2596 881 2667; x_wconf 70' lang='grc' dir='ltr'><strong><em>ἀκουσάντων</em></strong></span> <span class='ocrx_word' id='word_1_205' title='bbox 886 2598 936 2678; x_wconf 80' lang='grc' dir='ltr'><strong><em>εἰς</em></strong></span> <span class='ocrx_word' id='word_1_206' title='bbox 945 2601 1033 2689; x_wconf 77' lang='grc' dir='ltr'><strong>ἡμᾶς</strong></span> <span class='ocrx_word' id='word_1_207' title='bbox 1038 2609 1112 2691; x_wconf 51' lang='grc' dir='ltr'><strong>ἒβη.</strong></span> 
     </span>
     <span class='ocr_line' id='line_1_24' title="bbox 57 2701 1112 2799; baseline -0.005 -26"><span class='ocrx_word' id='word_1_208' title='bbox 57 2710 208 2799; x_wconf 58' lang='lat' dir='ltr'><strong>padda]</strong></span> <span class='ocrx_word' id='word_1_209' title='bbox 216 2709 283 2787; x_wconf 83' lang='lat' dir='ltr'><strong>Qui</strong></span> <span class='ocrx_word' id='word_1_210' title='bbox 289 2708 321 2772; x_wconf 89' lang='lat' dir='ltr'><strong>h.</strong></span> <span class='ocrx_word' id='word_1_211' title='bbox 332 2706 357 2771; x_wconf 89' lang='lat' dir='ltr'><strong>l.</strong></span> <span class='ocrx_word' id='word_1_212' title='bbox 364 2701 864 2782; x_wconf 74' lang='lat' dir='ltr'><strong>dicuuture&#39;xorioovtrc,aLuca</strong></span> <span class='ocrx_word' id='word_1_213' title='bbox 875 2711 903 2783; x_wconf 84' lang='lat'><strong>1,</strong></span> <span class='ocrx_word' id='word_1_214' title='bbox 913 2711 942 2767; x_wconf 88' lang='grc'><strong>2.</strong></span> <span class='ocrx_word' id='word_1_215' title='bbox 956 2721 1112 2773; x_wconf 87' lang='lat' dir='ltr'><strong>vocantur</strong></span> 
     </span>
     <span class='ocr_line' id='line_1_25' title="bbox 58 2797 1112 2892; baseline -0.011 -8"><span class='ocrx_word' id='word_1_216' title='bbox 58 2813 220 2883; x_wconf 73' lang='grc' dir='ltr'><strong><em>αὐτόπται</em></strong></span> <span class='ocrx_word' id='word_1_217' title='bbox 237 2811 298 2876; x_wconf 87' lang='grc' dir='ltr'><strong>καὶ</strong></span> <span class='ocrx_word' id='word_1_218' title='bbox 306 2805 474 2892; x_wconf 75' lang='grc' dir='ltr'><strong><em>ὑπηρέται</em></strong></span> <span class='ocrx_word' id='word_1_219' title='bbox 485 2806 545 2873; x_wconf 84' lang='grc' dir='ltr'><strong><em>τοῦ</em></strong></span> <span class='ocrx_word' id='word_1_220' title='bbox 556 2801 676 2889; x_wconf 76' lang='grc' dir='ltr'><strong><em>λόγου,</em></strong></span> <span class='ocrx_word' id='word_1_221' title='bbox 696 2801 901 2887; x_wconf 82' lang='lat' dir='ltr'><strong>intelligendi</strong></span> <span class='ocrx_word' id='word_1_222' title='bbox 916 2797 1022 2870; x_wconf 82' lang='lat' dir='ltr'><strong>autem</strong></span> <span class='ocrx_word' id='word_1_223' title='bbox 1037 2822 1112 2872; x_wconf 88' lang='lat' dir='ltr'><strong>sunt</strong></span> 
     </span>
     <span class='ocr_line' id='line_1_26' title="bbox 57 2902 1112 3017; baseline -0.01 -34"><span class='ocrx_word' id='word_1_224' title='bbox 57 2914 214 3017; x_wconf 77' lang='lat' dir='ltr'><strong>Apostoli.</strong></span> <span class='ocrx_word' id='word_1_225' title='bbox 237 2909 443 2996; x_wconf 78' lang='lat' dir='ltr'><strong>Praepositio</strong></span> <span class='ocrx_word' id='word_1_226' title='bbox 454 2904 524 2973; x_wconf 75' lang='grc' dir='ltr'><strong>ὑπὸ</strong></span> <span class='ocrx_word' id='word_1_227' title='bbox 539 2903 700 2991; x_wconf 83' lang='lat' dir='ltr'><strong>significat</strong></span> <span class='ocrx_word' id='word_1_228' title='bbox 711 2925 743 2982; x_wconf 86' lang='lat' dir='ltr'><strong>o,</strong></span> <span class='ocrx_word' id='word_1_229' title='bbox 757 2924 819 2989; x_wconf 88' lang='lat' dir='ltr'><strong>per</strong></span> <span class='ocrx_word' id='word_1_230' title='bbox 830 2902 943 2991; x_wconf 82' lang='lat' dir='ltr'><strong>Eurip.</strong></span> <span class='ocrx_word' id='word_1_231' title='bbox 955 2906 1027 2970; x_wconf 84' lang='lat' dir='ltr'><strong>Alc.</strong></span> <span class='ocrx_word' id='word_1_232' title='bbox 1037 2913 1112 2972; x_wconf 84' lang='grc'><strong>737.</strong></span> 
     </span>
     <span class='ocr_line' id='line_1_27' title="bbox 58 3005 1110 3098; baseline -0.014 -11"><span class='ocrx_word' id='word_1_233' title='bbox 58 3018 212 3086; x_wconf 71' lang='grc' dir='ltr'><strong><em>ἀπειπεῖν</em></strong></span> <span class='ocrx_word' id='word_1_234' title='bbox 227 3009 382 3098; x_wconf 81' lang='grc' dir='ltr'><strong><em>κηρύκων</em></strong></span> <span class='ocrx_word' id='word_1_235' title='bbox 392 3005 456 3075; x_wconf 76' lang='lat' dir='ltr'><strong>lino</strong></span> <span class='ocrx_word' id='word_1_236' title='bbox 467 3010 661 3074; x_wconf 71' lang='lat' dir='ltr'><strong>interdicere</strong></span> <span class='ocrx_word' id='word_1_237' title='bbox 667 3023 732 3089; x_wconf 87' lang='lat' dir='ltr'><strong>per</strong></span> <span class='ocrx_word' id='word_1_238' title='bbox 742 3024 932 3088; x_wconf 76' lang='lat' dir='ltr'><strong>praecones.</strong></span> <span class='ocrx_word' id='word_1_239' title='bbox 954 3005 1110 3072; x_wconf 84' lang='lat' dir='ltr'><strong>Aeschiu.</strong></span> 
     </span>
     <span class='ocr_line' id='line_1_28' title="bbox 56 3100 1110 3200; baseline -0.006 -22"><span class='ocrx_word' id='word_1_240' title='bbox 56 3119 135 3186; x_wconf 64' lang='lat' dir='ltr'><strong>Diri,</strong></span> <span class='ocrx_word' id='word_1_241' title='bbox 151 3127 193 3200; x_wconf 73' lang='lat'><strong>2,</strong></span> <span class='ocrx_word' id='word_1_242' title='bbox 204 3124 244 3195; x_wconf 88' lang='lat'><strong>9·.</strong></span> <span class='ocrx_word' id='word_1_243' title='bbox 261 3107 512 3195; x_wconf 73' lang='grc' dir='ltr'><strong><em>ἐξελεγχόμενος</em></strong></span> <span class='ocrx_word' id='word_1_244' title='bbox 527 3102 596 3173; x_wconf 67' lang='lat' dir='ltr'><strong>tino*</strong></span> <span class='ocrx_word' id='word_1_245' title='bbox 616 3104 676 3170; x_wconf 83' lang='grc' dir='ltr'><strong><em>τοῦ</em></strong></span> <span class='ocrx_word' id='word_1_246' title='bbox 691 3100 872 3188; x_wconf 80' lang='grc' dir='ltr'><strong><em>μειρακίου</em></strong></span> <span class='ocrx_word' id='word_1_247' title='bbox 889 3112 1050 3172; x_wconf 77' lang='grc' dir='ltr'><strong><em>οουοῖιτυι</em></strong></span> <span class='ocrx_word' id='word_1_248' title='bbox 1069 3108 1110 3173; x_wconf 82' lang='lat' dir='ltr'><strong>ab</strong></span> 
     </span>
     <span class='ocr_line' id='line_1_29' title="bbox 57 3201 1110 3289; baseline -0.018 1"><span class='ocrx_word' id='word_1_249' title='bbox 57 3217 302 3289; x_wconf 68' lang='lat' dir='ltr'><strong>adolescentulo·</strong></span> <span class='ocrx_word' id='word_1_250' title='bbox 330 3209 403 3275; x_wconf 87' lang='lat' dir='ltr'><strong>add.</strong></span> <span class='ocrx_word' id='word_1_251' title='bbox 420 3207 536 3274; x_wconf 86' lang='lat' dir='ltr'><strong>Matth·</strong></span> <span class='ocrx_word' id='word_1_252' title='bbox 553 3213 583 3287; x_wconf 90' lang='lat'><strong>1,</strong></span> <span class='ocrx_word' id='word_1_253' title='bbox 598 3209 650 3267; x_wconf 90' lang='grc'><strong>22.</strong></span> <span class='ocrx_word' id='word_1_254' title='bbox 675 3209 771 3284; x_wconf 88' lang='grc'><strong>2,17.</strong></span> <span class='ocrx_word' id='word_1_255' title='bbox 802 3201 916 3267; x_wconf 88' lang='lat' dir='ltr'><strong>Verba</strong></span> <span class='ocrx_word' id='word_1_256' title='bbox 933 3215 1039 3269; x_wconf 89' lang='lat' dir='ltr'><strong>autem</strong></span> <span class='ocrx_word' id='word_1_257' title='bbox 1059 3201 1110 3285; x_wconf 82' lang='grc' dir='ltr'><strong><em>εἰς</em></strong></span> 
     </span>
     <span class='ocr_line' id='line_1_30' title="bbox 58 3303 1109 3405; baseline -0.011 -26"><span class='ocrx_word' id='word_1_258' title='bbox 58 3317 136 3405; x_wconf 66' lang='grc' dir='ltr'><strong>ἡμᾶς</strong></span> <span class='ocrx_word' id='word_1_259' title='bbox 166 3309 372 3403; x_wconf 72' lang='grc' dir='ltr'><strong><em>ἐβεβαιώθη</em></strong></span> <span class='ocrx_word' id='word_1_260' title='bbox 401 3311 494 3375; x_wconf 78' lang='lat' dir='ltr'><strong>vario</strong></span> <span class='ocrx_word' id='word_1_261' title='bbox 523 3305 620 3373; x_wconf 82' lang='lat' dir='ltr'><strong>modo</strong></span> <span class='ocrx_word' id='word_1_262' title='bbox 650 3303 877 3389; x_wconf 81' lang='lat' dir='ltr'><strong>explicuerunt</strong></span> <span class='ocrx_word' id='word_1_263' title='bbox 904 3303 1109 3389; x_wconf 87' lang='lat' dir='ltr'><strong>interpretes.</strong></span> 
     </span>
     <span class='ocr_line' id='line_1_31' title="bbox 63 3403 1110 3509; baseline -0.009 -32"><span class='ocrx_word' id='word_1_264' title='bbox 63 3420 271 3509; x_wconf 60' lang='lat' dir='ltr'><strong>capram,</strong></span> <span class='ocrx_word' id='word_1_265' title='bbox 288 3413 346 3500; x_wconf 91' lang='lat' dir='ltr'><strong>qui</strong></span> <span class='ocrx_word' id='word_1_266' title='bbox 362 3430 567 3476; x_wconf 73' lang='lat' dir='ltr'><strong>assensorem</strong></span> <span class='ocrx_word' id='word_1_267' title='bbox 585 3415 697 3471; x_wconf 85' lang='lat' dir='ltr'><strong>nactus</strong></span> <span class='ocrx_word' id='word_1_268' title='bbox 717 3415 767 3468; x_wconf 88' lang='lat' dir='ltr'><strong>est</strong></span> <span class='ocrx_word' id='word_1_269' title='bbox 786 3403 1057 3470; x_wconf 61' lang='lat' dir='ltr'><strong>&amp;seruauerunt</strong></span> <span class='ocrx_word' id='word_1_270' title='bbox 1075 3409 1110 3468; x_wconf 94' lang='lat' dir='ltr'><strong>iu</strong></span> 
     </span>
    </p>
   </div>
   <div class='ocr_carea' id='block_1_3' title="bbox 63 3504 1119 4187">
    <p class='ocr_par' dir='ltr' id='par_1_3' title="bbox 63 3504 1119 4187">
     <span class='ocr_line' id='line_1_32' title="bbox 63 3504 1110 3590; baseline -0.017 -2"><span class='ocrx_word' id='word_1_271' title='bbox 63 3520 193 3589; x_wconf 72' lang='lat' dir='ltr'><strong>tacui·</strong></span> <span class='ocrx_word' id='word_1_272' title='bbox 204 3517 250 3583; x_wconf 86' lang='lat' dir='ltr'><strong>ad</strong></span> <span class='ocrx_word' id='word_1_273' title='bbox 261 3516 294 3581; x_wconf 86' lang='lat' dir='ltr'><strong>h.</strong></span> <span class='ocrx_word' id='word_1_274' title='bbox 309 3513 332 3578; x_wconf 88' lang='lat' dir='ltr'><strong>l.</strong></span> <span class='ocrx_word' id='word_1_275' title='bbox 345 3510 447 3577; x_wconf 85' lang='lat' dir='ltr'><strong>verba</strong></span> <span class='ocrx_word' id='word_1_276' title='bbox 458 3511 579 3581; x_wconf 69' lang='lat' dir='ltr'><strong>reddit:</strong></span> <span class='ocrx_word' id='word_1_277' title='bbox 600 3508 646 3572; x_wconf 84' lang='lat' dir='ltr'><strong>ud</strong></span> <span class='ocrx_word' id='word_1_278' title='bbox 655 3526 712 3570; x_wconf 81' lang='grc' dir='ltr'><strong>σοι</strong></span> <span class='ocrx_word' id='word_1_279' title='bbox 724 3511 884 3590; x_wconf 78' lang='lat' dir='ltr'><strong>pervertet.</strong></span> <span class='ocrx_word' id='word_1_280' title='bbox 927 3504 994 3568; x_wconf 84' lang='lat' dir='ltr'><strong>Sed</strong></span> <span class='ocrx_word' id='word_1_281' title='bbox 1005 3518 1041 3569; x_wconf 89' lang='lat' dir='ltr'><strong>ut</strong></span> <span class='ocrx_word' id='word_1_282' title='bbox 1053 3506 1110 3570; x_wconf 91' lang='lat' dir='ltr'><strong>be-</strong></span> 
     </span>
     <span class='ocr_line' id='line_1_33' title="bbox 64 3597 1111 3695; baseline -0.026 -10"><span class='ocrx_word' id='word_1_283' title='bbox 64 3621 229 3687; x_wconf 85' lang='lat' dir='ltr'><strong>uenrouuit</strong></span> <span class='ocrx_word' id='word_1_284' title='bbox 243 3611 441 3690; x_wconf 64' lang='lat' dir='ltr'><strong>Diodorfim</strong></span> <span class='ocrx_word' id='word_1_285' title='bbox 454 3605 650 3695; x_wconf 61' lang='grc' dir='ltr'><strong><em>ἐβεβαιώθη</em></strong></span> <span class='ocrx_word' id='word_1_286' title='bbox 661 3603 735 3689; x_wconf 84' lang='lat' dir='ltr'><strong>plus</strong></span> <span class='ocrx_word' id='word_1_287' title='bbox 747 3615 798 3668; x_wconf 85' lang='lat' dir='ltr'><strong>est</strong></span> <span class='ocrx_word' id='word_1_288' title='bbox 810 3625 903 3691; x_wconf 86' lang='lat' dir='ltr'><strong>quam</strong></span> <span class='ocrx_word' id='word_1_289' title='bbox 917 3607 1036 3671; x_wconf 88' lang='lat' dir='ltr'><strong>nudum</strong></span> <span class='ocrx_word' id='word_1_290' title='bbox 1047 3597 1111 3684; x_wconf 62' lang='grc' dir='ltr'><strong>ἦν.</strong></span> 
     </span>
     <span class='ocr_line' id='line_1_34' title="bbox 65 3706 1109 3803; baseline -0.013 -20"><span class='ocrx_word' id='word_1_291' title='bbox 65 3712 190 3795; x_wconf 78' lang='grc' dir='ltr'><strong><em>θενεῖς</em></strong></span> <span class='ocrx_word' id='word_1_292' title='bbox 206 3716 307 3803; x_wconf 78' lang='grc' dir='ltr'><strong>ἡμᾶς.</strong></span> <span class='ocrx_word' id='word_1_293' title='bbox 335 3712 485 3778; x_wconf 87' lang='lat' dir='ltr'><strong>&#39;Plurimi</strong></span> <span class='ocrx_word' id='word_1_294' title='bbox 503 3707 683 3796; x_wconf 88' lang='lat' dir='ltr'><strong>explicant:</strong></span> <span class='ocrx_word' id='word_1_295' title='bbox 711 3708 799 3772; x_wconf 74' lang='lat' dir='ltr'><strong>tuter</strong></span> <span class='ocrx_word' id='word_1_296' title='bbox 816 3727 873 3771; x_wconf 80' lang='lat' dir='ltr'><strong>reos</strong></span> <span class='ocrx_word' id='word_1_297' title='bbox 891 3706 975 3789; x_wconf 83' lang='lat' dir='ltr'><strong>(Act.</strong></span> <span class='ocrx_word' id='word_1_298' title='bbox 993 3713 1024 3785; x_wconf 89' lang='grc'><strong>2,</strong></span> <span class='ocrx_word' id='word_1_299' title='bbox 1043 3707 1109 3792; x_wconf 91' lang='grc'><strong>22.)</strong></span> 
     </span>
     <span class='ocr_line' id='line_1_35' title="bbox 67 3803 1114 3903; baseline -0.022 -20"><span class='ocrx_word' id='word_1_300' title='bbox 67 3819 110 3885; x_wconf 79' lang='lat' dir='ltr'><strong>rel</strong></span> <span class='ocrx_word' id='word_1_301' title='bbox 125 3819 217 3886; x_wconf 72' lang='lat' dir='ltr'><strong>sodis</strong></span> <span class='ocrx_word' id='word_1_302' title='bbox 237 3814 302 3903; x_wconf 76' lang='grc' dir='ltr'><strong><em>(εἰς</em></strong></span> <span class='ocrx_word' id='word_1_303' title='bbox 310 3814 398 3902; x_wconf 77' lang='grc' dir='ltr'><strong><em>ἡμᾶς</em></strong></span> <span class='ocrx_word' id='word_1_304' title='bbox 414 3835 475 3900; x_wconf 90' lang='lat' dir='ltr'><strong>pro</strong></span> <span class='ocrx_word' id='word_1_305' title='bbox 493 3808 575 3895; x_wconf 84' lang='grc' dir='ltr'><strong><em>ἡμῖν</em></strong></span> <span class='ocrx_word' id='word_1_306' title='bbox 598 3809 628 3893; x_wconf 91' lang='grc'><strong>(1</strong></span> <span class='ocrx_word' id='word_1_307' title='bbox 643 3805 729 3869; x_wconf 87' lang='lat' dir='ltr'><strong>Petr.</strong></span> <span class='ocrx_word' id='word_1_308' title='bbox 745 3814 774 3887; x_wconf 89' lang='lat'><strong>1,</strong></span> <span class='ocrx_word' id='word_1_309' title='bbox 788 3807 863 3891; x_wconf 81' lang='lat'><strong>25.)‚</strong></span> <span class='ocrx_word' id='word_1_310' title='bbox 885 3803 939 3867; x_wconf 85' lang='lat' dir='ltr'><strong>vel</strong></span> <span class='ocrx_word' id='word_1_311' title='bbox 951 3811 985 3867; x_wconf 77' lang='lat' dir='ltr'><strong>iu</strong></span> <span class='ocrx_word' id='word_1_312' title='bbox 997 3810 1114 3869; x_wconf 72' lang='grc' dir='ltr'><strong><em>σιτίσαι.</em></strong></span> 
     </span>
     <span class='ocr_line' id='line_1_36' title="bbox 70 3901 1119 4005; baseline -0.021 -17"><span class='ocrx_word' id='word_1_313' title='bbox 70 3929 173 3988; x_wconf 68' lang='grc' dir='ltr'><strong><em>κυεῖν</em></strong></span> <span class='ocrx_word' id='word_1_314' title='bbox 186 3922 219 4005; x_wconf 92' lang='grc'><strong>(1</strong></span> <span class='ocrx_word' id='word_1_315' title='bbox 236 3917 312 3983; x_wconf 85' lang='lat' dir='ltr'><strong>Cor.</strong></span> <span class='ocrx_word' id='word_1_316' title='bbox 326 3924 356 3996; x_wconf 93' lang='lat'><strong>1,</strong></span> <span class='ocrx_word' id='word_1_317' title='bbox 370 3914 414 3999; x_wconf 86' lang='grc'><strong>6.)</strong></span> <span class='ocrx_word' id='word_1_318' title='bbox 437 3911 631 3990; x_wconf 60' lang='lat' dir='ltr'><strong>commota</strong></span> <span class='ocrx_word' id='word_1_319' title='bbox 648 3918 709 3972; x_wconf 80' lang='lat' dir='ltr'><strong>ert.</strong></span> <span class='ocrx_word' id='word_1_320' title='bbox 753 3907 820 3972; x_wconf 85' lang='lat' dir='ltr'><strong>Sed</strong></span> <span class='ocrx_word' id='word_1_321' title='bbox 836 3906 876 3969; x_wconf 86' lang='lat' dir='ltr'><strong>de</strong></span> <span class='ocrx_word' id='word_1_322' title='bbox 897 3901 1119 3976; x_wconf 81' lang='lat' dir='ltr'><strong>confirmatio·¹</strong></span> 
     </span>
     <span class='ocr_line' id='line_1_37' title="bbox 76 4005 1110 4103; baseline -0.021 -18"><span class='ocrx_word' id='word_1_323' title='bbox 76 4021 275 4087; x_wconf 82' lang='lat' dir='ltr'><strong>tedoctriuae</strong></span> <span class='ocrx_word' id='word_1_324' title='bbox 289 4015 548 4082; x_wconf 86' lang='lat' dir='ltr'><strong>salutarisversu</strong></span> <span class='ocrx_word' id='word_1_325' title='bbox 564 4011 713 4094; x_wconf 86' lang='lat' dir='ltr'><strong>sequenti</strong></span> <span class='ocrx_word' id='word_1_326' title='bbox 733 4007 923 4093; x_wconf 87' lang='lat' dir='ltr'><strong>exponitur,</strong></span> <span class='ocrx_word' id='word_1_327' title='bbox 945 4024 1049 4089; x_wconf 89' lang='lat' dir='ltr'><strong>neque</strong></span> <span class='ocrx_word' id='word_1_328' title='bbox 1069 4005 1110 4103; x_wconf 65' lang='lat' dir='ltr'><strong>dp</strong></span> 
     </span>
     <span class='ocr_line' id='line_1_38' title="bbox 81 4108 1111 4187; baseline -0.023 2"><span class='ocrx_word' id='word_1_329' title='bbox 81 4120 297 4187; x_wconf 67' lang='lat' dir='ltr'><strong>scismaticae</strong></span> <span class='ocrx_word' id='word_1_330' title='bbox 317 4116 482 4180; x_wconf 84' lang='lat' dir='ltr'><strong>doctrinae</strong></span> <span class='ocrx_word' id='word_1_331' title='bbox 499 4115 535 4177; x_wconf 93' lang='lat' dir='ltr'><strong>iu</strong></span> <span class='ocrx_word' id='word_1_332' title='bbox 556 4111 673 4175; x_wconf 86' lang='lat' dir='ltr'><strong>auinris</strong></span> <span class='ocrx_word' id='word_1_333' title='bbox 688 4108 912 4173; x_wconf 85' lang='lat' dir='ltr'><strong>Hebraeorum</strong></span> <span class='ocrx_word' id='word_1_334' title='bbox 931 4124 1039 4167; x_wconf 85' lang='lat' dir='ltr'><strong>serruo.</strong></span> <span class='ocrx_word' id='word_1_335' title='bbox 1050 4115 1111 4184; x_wconf 89' lang='lat' dir='ltr'><strong>est,</strong></span> 
     </span>
    </p>
   </div>
   <div class='ocr_carea' id='block_1_4' title="bbox 84 4205 1216 4372">
    <p class='ocr_par' dir='ltr' id='par_1_4' title="bbox 84 4205 1216 4372">
     <span class='ocr_line' id='line_1_39' title="bbox 84 4205 1216 4372; baseline -0.017 -85"><span class='ocrx_word' id='word_1_336' title='bbox 84 4214 336 4308; x_wconf 69' lang='lat' dir='ltr'><strong>beeuimipsum&#39;</strong></span> <span class='ocrx_word' id='word_1_337' title='bbox 350 4227 411 4298; x_wconf 86' lang='lat' dir='ltr'><strong>est,</strong></span> <span class='ocrx_word' id='word_1_338' title='bbox 436 4211 577 4302; x_wconf 85' lang='lat' dir='ltr'><strong>adquod</strong></span> <span class='ocrx_word' id='word_1_339' title='bbox 589 4210 727 4296; x_wconf 85' lang='lat' dir='ltr'><strong>scriptor</strong></span> <span class='ocrx_word' id='word_1_340' title='bbox 742 4209 883 4372; x_wconf 61' lang='lat' dir='ltr'><strong>leetorsss</strong></span> <span class='ocrx_word' id='word_1_341' title='bbox 902 4220 979 4270; x_wconf 84' lang='lat' dir='ltr'><strong>suos</strong></span> <span class='ocrx_word' id='word_1_342' title='bbox 999 4205 1113 4270; x_wconf 89' lang='lat' dir='ltr'><strong>cohor·</strong></span> <span class='ocrx_word' id='word_1_343' title='bbox 1214 4209 1216 4214; x_wconf 84' lang='lat'>&#39;</span> 
     </span>
    </p>
   </div>
   <div class='ocr_carea' id='block_1_5' title="bbox 0 0 1306 4746">
    <p class='ocr_par' dir='ltr' id='par_1_5' title="bbox 0 0 1306 4746">
     <span class='ocr_line' id='line_1_40' title="bbox 0 0 1306 4746; baseline 0 1"><span class='ocrx_word' id='word_1_344' title='bbox 0 0 1306 4746; x_wconf 95' lang='lat' dir='ltr'><strong> </strong></span> 
     </span>
    </p>
   </div>
  </div>
 </body>
</html>
