2604 4746
417 297 679 378 carur‘XI.
715 305 842 380 uto.
1087 315 1162 390 193

101 486 194 556 quam
210 464 332 551 hospes
352 476 503 531 versatus
521 471 664 533 11119.
705 461 821 549 Itaque
840 459 1169 557 clocca-Abrabam,

102 568 418 652 amentescriptoris
432 567 550 649 nostri,
568 567 604 630 in
617 586 659 630 eo
671 566 780 650 posita
793 576 875 648 arat,
897 566 988 653 qnod
1009 570 1164 639 credebat

100 667 206 733 Deum
220 654 492 753 ipsi-largiturum
505 686 711 731 numerosam
722 667 944 751 posteritatem
959 687 992 733 v.
1007 675 1057 734 12.
1078 693 1163 757 quae

102 788 290 854 possessura
305 776 394 831 esset
411 767 628 848 cananaeam,
653 768 771 850 etipse
786 764 961 852 coelestem
974 766 1162 839 beatitatem

98 871 130 942 in
152 890 254 954 regno
273 864 442 932 Messiano
467 867 681 953 exspectabat
704 886 737 930 r.
760 873 886 933 13·16.
907 865 984 932 1111.
1005 884 1038 935 ν.
1052 878 1095 938 39
1109 895 1160 961 sq.

102 967 299 1040 Dumautem
309 980 420 1032 noster
428 966 606 1040 Abrabami
619 965 718 1030 fidem
726 988 791 1032 non
807 981 875 1034 tam
888 963 1056 1050 arbutus,
1066 993 1162 1058 quam

103 1073 204 1156 potius
216 1068 368 1133 coelestis
377 1071 463 1132 vitae
476 1066 645 1133 felicitatis
655 1072 934 1152 exspectationem
941 1067 1052 1147 ¹retulit
1060 1083 1093 1136 et
1108 1094 1162 1138 ac·

105 1171 320 1250 commodavit,
329 1169 470 1233 lectores
487 1167 788 1253 suos,propouendo
797 1169 839 1234 iis
849 1190 895 1233 ex
908 1170 1088 1236 maioribus
1101 1195 1163 1239 ex·
1280 1242 1282 1250 ,

105 1271 202 1357 emplo
212 1283 277 1336 tam
286 1269 418 1352 illustri,
428 1272 573 1334 excitare
583 1281 614 1333 et
622 1271 758 1333 incitare
764 1267 868 1334 voluit
878 1269 920 1333 ad
932 1271 1070 1335 eandem
1082 1272 1162 1340 fidei

105 1374 318 1438 constantiam.
362 1368 537 1435 Caeterum
552 1369 719 1454 scriptoris
733 1367 795 1433 bac
807 1371 843 1433 in
858 1380 895 1434 re
917 1368 1164 1455 argumentandi

105 1475 176 1538 ratio
199 1472 316 1538 similis
337 1482 387 1535 est
408 1473 452 1552 ei,
473 1490 538 1556 qua
553 1479 586 1552 4,
604 1477 705 1536 1-13.
721 1490 801 1534 usus
818 1482 879 1534 est.
895 1471 935 1534 of.
956 1474 1054 1537 etiam
1075 1477 1162 1542 infra

107 1593 132 1644 1.
145 1582 195 1640 13.
217 1568 379 1658 ἐξεδέχετο
402 1569 467 1657 γάρ
489 1569 553 1647 τήν
575 1567 859 1654 τούς’θιμελίους
880 1569 1026 1658 ἔχουσαν
1045 1573 1160 1664 πόλιν]

107 1675 251 1762 sperabat
275 1680 357 1737 esaim
378 1670 486 1737 urbem
500 1671 722 1749 fundamenta
749 1668 867 1757 (firma)
887 1671 1064 1738 labentem.
1079 1716 1096 1731 ,ι
1108 1675 1163 1741 st-

108 1774 268 1862 gnificatur
290 1770 343 1836 his
365 1771 476 1836 v'erbis
496 1769 575 1834 urbs
599 1770 690 1834 cirins
710 1770 921 1858 fundamenta,
938 1792 1004 1839 non
1024 1791 1164 1860 possunt

107 1877 234 1956 moveri,
259 1873 430 1958 opponitur
444 1872 672 1958 ταῐςσκηναῖς
684 1891 716 1935 v.
730 1877 771 1937 9:
786 1891 869 1958 quae
883 1894 949 1937 nou
971 1885 1046 1938 suut
1060 1877 1164 1942 stabi·

107 1973 158 2059 les,
182 1975 253 2056 scd,
275 1985 313 2037 ut
328 1992 408 2035 usus
431 1967 586 2056 postulat,
608 1968 671 2034 hnc
689 1969 769 2034 illuc
787 1973 1034 2038 transferuntur.
1058 1975 1162 2042 Diod.

107 2075 164 2142 Sic.
183 2082 235 2157 15,
252 2081 284 2139 1.
301 2070 566 2160 παραλαβόντες
576 2064 762 2155 ἡγεμονίαν
773 2070 942 2140 κάλλιστα
961 2076 1163 2159 radanciam-

105 2178 209 2263 pivpp.
236 2169 294 2239 ubi
311 2194 345 2239 v.
374 2173 633 2258 Ψεεεεῖίιιζείια..
655 2169 855 2257 Desiguavit
875 2185 983 2241 autem
1004 2177 1163 2261 epistolae

104 2292 211 2344 auctor
234 2275 364 2340 nomine
384 2269 485 2347 πόλις
501 2267 765 2354 Hierosolymam
787 2271 979 2356 coelestem,
1003 2285 1162 2363 quaest,

103 2364 151 2445 22.
170 2373 383 2465 Ἰερουσαλήμ
397 2368 603 2458 ἐπουράνιος,
616 2377 668 2453 13,
685 2379 736 2438 14.
758 2369 854 2450 πόλις
865 2365 1016 2459 μ’ἑνουσα
1032 2377 1164 2468 dicitur,

103 2492 193 2566 atque
208 2476 359 2561 scriptori
371 2486 482 2539 nostro
498 2484 551 2536 est
567 2473 675 2557 imago
695 2492 844 2538 summac
850 2464 1035 2559 {elicitatis
1055 2498 1161 2564 regno
1198 2555 1202 2561 ,
1233 2554 1236 2561 ἢ

102 2576 267 2645 Messiano
298 2572 476 2639 solenniter
505 2573 704 2654 instaurato,
730 2574 766 2653 iu
795 2569 1179 2661 coelo·exspectandae.¹
1250 2624 1267 2660 ·.

101 2678 211 2746 ludaei
227 2676 312 2741 enim
328 2676 371 2740 ad
383 2672 628 2738 describendam
642 2672 829 2739 beatitatem
848 2677 883 2739 in
903 2697 1006 2762 regno
1021 2675 1164 2743 Messia-

102 2801 142 2847 uo
167 2774 492 2865 exspectandam'uti
513 2771 663 2838 solebant
683 2774 895 2860 imaginibus,
921 2799 941 2840 a
963 2776 1163 2862 reipublicae

102 2879 251 2946 Iudaicae
275 2888 359 2940 statu
384 2873 613 2938 florentissimo
636 2875 818 2955 desumtis,
831 2877 985 2962 adeoque
1008 2876 1166 2960 putabant

102 2983 135 3047 in
151 2978 252 3046 coelis
268 2998 343 3042 esse
357 2974 471 3039 urbem
484 2971 624 3038 similem
640 2972 895 3058 Hierosolymis,
911 2978 1050 3040 terrenis
1065 2975 1164 3063 longe

102 3079 428 3168 magnificentiorem,
461 3094 557 3160 quam
584 3072 641 3138 ubi
669 3095 805 3160 reguum
830 3073 977 3140 Messiae
1000 3064 1165 3143 terrenum
1258 3084 1261 3091 '

102 3174 227 3249 initium
242 3181 395 3268 cepisset,
408 3177 444 3239 in
458 3173 520 3243 bas
534 3174 638 3241 terras
653 3176 688 3238 in
703 3174 818 3238 melius
837 3187 977 3240 mutatas
990 3175 1167 3251 demissum

102 3285 143 3346 iri
158 3276 389 3346 existimabant
412 3275 453 3339 c'f.
478 3274 672 3339 Wetcteaa'uc
694 3273 735 3337 ad
750 3272 824 3338 Gal.
838 3283 873 3358 4,
885 3281 939 3340 26.
963 3274 1170 3361 Sebdttgem‘c'

103 3383 193 3449 Dias.
212 3382 253 3445 de
274 3373 506 3458 Hierosolyma
528 3372 683 3454 coelesti,
712 3396 844 3438 annexa
864 3374 965 3441 Horr.
984 3376 1163 3445 Hebrrs'l'.

106 3492 131 3550 1.
145 3506 177 3569 p.
191 3485 284 3547 1205.
308 3476 494 3542 Bertboldtc'
504 3470 723 3560 Christologia
733 3497 770 3561 p.
783 3482 856 3542 217.
887 3475 940 3542 Ad
953 3476 1017 3541 bas
1026 3478 1165 3544 Iudaeo·

104 3605 172 3648 mm
195 3580 367 3666 opiniones
386 3573 625 3640 accommodate
645 3587 757 3642 noster
775 3579 916 3663 scripsit,
937 3578 984 3642 ita
1004 3591 1112 3643 tamen
1124 3583 1166 3645 ‘ut

105 3683 227 3750 Christi
244 3675 539 3763 Apostolorumque
560 3675 748 3760 exemplum
768 3691 800 3743 et
824 3677 1001 3743 doctrinam
1021 3692 1165 3764 secutus,
1246 3731 1249 3738 .
1280 3699 1282 3704 ’

104 3803 239 3869 regnum
252 3777 398 3844 Messiae
414 3777 449 3839 in
464 3772 590 3857 coelum
606 3775 805 3841 transtulerit
817 3779 884 3843 vid.
896 3778 982 3843 iufra
995 3798 1028 3844 v.
1043 3785 1095 3845 16.
1112 3787 1166 3864 12,

106 3890 157 3950 23.
181 3880 320 3962 13,14.“
339 3877 493 3962 Insigniri
514 3874 625 3940 verbis
645 3900 727 3964 quae
748 3877 781 3942 b.
803 3876 827 3943 l.
848 3877 1016 3965 leguntur,
1037 3881 1167 3947 omisso

108 3994 223 4048 ornatu
245 3979 394 4058 Iudaico,
426 3974 616 4041 felicitatem
636 3999 814 4061 perennem
837 3979 872 4043 in
896 3978 998 4043 altera
1016 3981 1084 4045 vita
1106 4002 1167 4045 ex·
1271 4057 1272 4060 Ἴ

107 4080 322 4170 spectandam,
342 4090 392 4142 est
403 4076 630 4162 plerorumque
644 4079 856 4164 interpretum
873 4081 1043 4162 sententia,
1064 4104 1085 4146 a
1102 4104 1168 4169 qua

107 4196 213 4251 mmen
225 4181 445 4277 discesserunt
462 4177 607 4260 Grotius,
634 4175 774 4246 Clericus
791 4176 1092 4347 calagurrensium,
1103 4180 1173 4271 sy...
