2604 4746
299 270 302 279 ’
386 280 550 356 corun
575 279 670 355 vn.
699 298 744 356 ν.
769 288 805 356 t.
832 287 867 356 t.
1082 290 1158 364 225

118 442 175 514 ίλν.
214 406 414 512 Hincetiam
428 444 492 511 boc
504 440 699 510 vocabulum
715 444 895 512 adhibitum
909 455 961 510 est
976 447 1017 513 de
1033 400 1157 517 sacrifi.-

110 551 155 612 ciis
173 569 216 613 ex
235 548 389 633 primitiis
409 567 441 611 v.
458 545 612 628 Aeschyl.
627 544 765 635 Eumon.
783 551 857 612 832.
904 543 1035 612 Deinde
1050 561 1156 617 trans·
1289 582 1293 589 ·

103 645 190 713 iatum
202 660 256 712 est
272 645 314 711 ad
324 652 493 732 primitias
510 642 914 728 omncsgeccaeflesycns
934 646 1153 735 ἀκροθίνιον·
1186 672 1189 677 ’
1269 732 1274 741 .

98 745 362 834 αάσα-άααρχή·
397 746 605 832 maximeque
626 744 668 808 ad
682 751 851 830 primitias
872 752 1023 833 praedae
1046 750 1154 838 Hesy-

95 849 195 915 chius:
220 847 380 938 λαφύρων
400 843 566 933 αἀαρχαί.
594 843 705 911 Sobel.
721 844 834 931 Eurip.
852 842 876 909 l.
893 842 916 908 l.
933 869 1155 938 καταχρηστι-

95 951 148 1024 κῶς
164 951 201 1016 tt
216 949 372 1035 λέγονται
386 950 445 1014 καὶ
458 950 496 1013 αἱ
515 944 666 1033 αἰιαρχαὶ
684 945 745 1026 τῆς
759 942 855 1020 λείας
867 943 1067 1034 Herodot8,
1081 959 1153 1022 121.
1290 958 1293 969 '

95 1072 169 1136 puae
183 1051 248 1115 diis
263 1051 366 1115 dicari
379 1048 545 1128 solebant,
572 1049 679 1134 portio
693 1046 835 1131 praedae
854 1045 918 1110 diis
931 1046 1052 1116 selecta
1064 1051 1152 1121 Xan.

95 1149 160 1235 Byr.
176 1158 208 1232 7,
224 1156 256 1217 6.
271 1156 323 1217 35.
343 1150 409 1215 vid.
426 1161 493 1225 not.
514 1170 615 1234 snpra
634 1148 677 1212 ad
697 1167 731 1210 v.
745 1153 776 1211 1.
792 1159 826 1211 et
840 1153 870 1211 2.
918 1144 1069 1238 Denique
1090 1153 1153 1219 boc
1291 1140 1295 1155 '

95 1251 281 1317 uocabulum
293 1254 390 1317 etiam
403 1253 451 1316 ita
465 1261 653 1336 usurpatum
666 1245 797 1334 legitur,
821 1259 858 1311 ut
865 1251 1025 1333 praedata
1038 1260 1151 1340 ι’]νεανι,

95 1356 194 1417 >mnia
214 1373 299 1442 quae
311 1351 467 1443 'hostibus
491 1363 604 1437 erepta
623 1361 713 1430 sunt,
741 1348 923 1433 frumeuta',
951 1373 1072 1436 pecora
1089 1367 1150 1420 etc.

95 1455 216 1519 ndioet.
274 1450 478 1536 Hesychius:
519 1447 886 1538 άκροθίνιον-σκῦλα.
933 1447 1151 1520 Pheroninnsz

95 1549 352 1637 ίκροθίνια-τά
374 1549 447 1616 αἀδ
464 1550 530 1617 τῶν
546 1547 716 1637 πολεμίων
731 1545 876 1636 λάφυρα.
917 1548 1152 1637 Ειεοίρᾞετα-

95 1652 158 1717 tid.
183 1657 257 1718 861.
280 1652 321 1716 de
342 1649 452 1733 Iolao,
488 1654 544 1738 qui
571 1649 787 1734 Eurystheum
809 1651 970 1735 captivum
1000 1651 1149 1740 duxerat,

95 1753 203 1818 licitur
218 1748 425 1838 άκραθίνιον
434 1750 623 1818 κάλλιστον
634 1747 712 1830 ἥκει
729 1748 791 1815 τδν
806 1746 1045 1837 στρατηλάτην
1059 1752 1151 1839 ἄγαν
1176 1778 1181 1789 ε

95 1856 244 1921 uaedam
251 1853 503 1939 pulctem'aam
515 1857 617 1938 ἰρικιι
630 1858 857 1938 iaperatorem
875 1858 964 1917 vena
978 1856 1149 1922 addacem.

95 1952 161 2018 ilia
188 1951 344 2040 exempia
363 1954 528 2039 congessit
545 1952 587 2017 ad
605 1951 637 2017 b.
653 1950 676 2016 l.
699 1952 888 2032 Manthion
909 1964 1004 2038 atque
1023 1950 1086 2017 bac
1104 1959 1148 2021 si·

95 2053 294 2139 pifimoouo
312 2066 424 2118 nostro
443 2051 517 2117 loco
538 2049 724 2138 ἀκροθίνια
740 2055 846 2138 accipi
863 2052 970 2117 debet.
1018 2052 1148 2140 Ioseph.

95 2153 158 2220 int.
176 2160 207 2235 1,
229 2159 281 2220 10.
296 2159 328 2218 2.
343 2150 512 2238 Ἀβράμου
526 2152 563 2217 δὲ
584 2149 737 2229 διδόντος
759 2154 819 2217 καὶ
840 2151 903 2232 τήν
923 2150 1069 2231 δεκάτην
1088 2158 1150 2239 τῆς

95 2251 173 2331 broc
185 2251 290 2342 αὐτῷ,
311 2255 534 2340 προσδέχεται
548 2251 612 2332 τήν
623 2252 721 2319 δόσιν
733 2251 874 2318 Atrans
887 2255 1038 2318 decimam
1045 2259 1149 2342 prae·

95 2359 144 2423 tce
152 2365 291 2441 partem
306 2363 342 2421 ec·
352 2358 491 2422 dococta
504 2360 652 2437 accepct5
674 2364 707 2416 et
722 2350 817 2416 Philo
834 2352 875 2417 de
889 2351 1013 2417 Abrah.
1027 2377 1060 2440 p.
1074 2364 1147 2423 381.

95 2454 125 2523 b.
145 2456 318 2522 historiam
338 2453 421 2520 Gen.
437 2462 488 2521 14.
512 2450 647 2516 relatam
668 2473 840 2531 enarrans,
869 2473 948 2518 usus
969 2467 1019 2519 est
1039 2458 1149 2524 verbis

95 2553 158 2623 leia
182 2569 217 2620 et
239 2551 368 2632 δεκάτη
383 2555 444 2634 τῆς
463 2550 564 2630 λείας.
613 2555 682 2619 Sed
700 2575 774 2618 voc.
794 2549 872 2619 λεία
893 2558 998 2620 omnis
1018 2562 1148 2643 generis

95 2657 239 2743 praedam
262 2653 433 2741 siguificat.
458 2650 666 2742 πατριάρχης
683 2662 790 2737 gestis
810 2664 942 2734 auctor,
969 2677 1094 2742 pareas
1114 2673 1150 2728 et
1269 2658 1274 2670 ’

95 2761 243 2838 audcior,
261 2756 437 2841 respondet
448 2755 552 2820 Hebr.
567 2757 655 2844 111513
678 2754 753 2822 aaa
776 2765 874 2842 caput
882 2765 1015 2843 petram
1027 2761 1063 2823 in
1075 2783 1149 2825 ver·

95 2862 176 2927 ioue
190 2856 418 2924 Alexandrina
437 2862 453 2920 1
471 2855 591 2921 Cbron.
607 2865 639 2937 9,
650 2864 682 2923 9.
700 2856 816 2921 eodem
837 2856 1019 2941 significatu
1035 2862 1148 2949 πατὴρ

95 2963 202 3047 egitur
219 2957 302 3021 Luc.
325 2961 377 3037 16,
397 2961 449 3021 24.
477 2957 548 3021 Iob.
564 2964 596 3038 8,
611 2962 663 3022 39.
680 2954 722 3023 al.
749 2956 823 3022 Act.
841 2960 879 3039 7,·
887 2964 918 3023 8.
948 2957 1061 3024 Iacobi
1074 2960 1147 3044 filii,

95 3062 218 3128 τίδιινιι
232 3070 385 3124 auctores
403 3068 438 3124 et
448 3064 617 3144 prticccpes
633 3057 780 3122 dicuntur
794 3055 1017 3144 πατριάρχαι,
1044 3060 1101 3125 ubi
1114 3083 1146 3125 v.

95 3173 146 3228 tot.
189 3157 304 3225 Habet
326 3169 433 3222 antem
453 3154 696 3246 ὁαατριάρχης
711 3156 743 3221 h.
758 3156 782 3222 1.
798 3156 996 3244 singularem
1016 3161 1148 3246 empha-

95 3265 142 3345 iu,
165 3274 236 3325 tum
246 3251 380 3346 propter
394 3259 609 3344 praemissum
622 3256 805 3341 arficulum,
824 3255 883 3322 ille
896 3261 1002 3343 gentis
1017 3276 1148 3328 nostrae

95 3376 211 3444 arctor,
244 3374 314 3425 tum
332 3359 409 3444 quia
429 3382 450 3424 a
470 3361 600 3424 nomine
621 3357 776 3446 Ἀβραάμ
801 3362 982 3426 seiunctum
1003 3372 1037 3426 ct
1053 3361 1148 3428 finita

95 3463 245 3533 autentis
266 3460 427 3524 adiectum
443 3470 502 3525 est·
970 3496 972 3501 <

165 3568 198 3630 6.
221 3559 281 3625 καλ
296 3562 332 3625 ot
343 3559 455 3646 μὲνιέκ
469 3559 536 3628 τῶν
554 3559 633 3627 acts
647 3556 740 3626 Λενί·
749 3552 813 3636 τὴν
827 3557 999 3645 ἱερατείαν
1012 3562 1149 3648 λαμβά-

95 3663 209 3748 νοντες]
232 3672 268 3729 et
291 3665 346 3728 tttt
360 3665 513 3748 ηαιλίαιι,
546 3667 604 3748 ραι·
619 3681 666 3726 esc
688 3669 833 3747 posteros
854 3662 942 3728 Levi
965 3666 1148 3730 sacerdot-tc
1281 3731 1283 3741 ,

95 3765 266 3848 [καρπαίαν
279 3761 338 3827 boc
345 3772 558 3850 praeceptus·
571 3760 706 3842 tatem,
728 3772 765 3828 at
780 3765 919 3829 δεοίατο
934 3787 956 3828 α
966 3767 1087 3850 populo
1101 3786 1149 3831 ea
1260 3831 1262 3835 .

98 3865 166 3946 tegis
180 3869 389 3950 praeempto
410 3873 574 3948 repetant.
631 3861 698 3937 Qui
715 3862 856 3926 decimas
877 3860 1081 3946 accipiebant
1100 3865 1149 3929 di-

103 3964 210 4047 guitnte
226 3983 399 4048 superasse
420 3982 478 4027 eos
502 3965 557 4050 qui
580 3961 721 4026 decimas
741 3960 931 4043 solvebant,
956 3962 1032 4026 inde
1049 3986 1149 4050 appa-

105 4074 156 4143 rs,
174 4063 415 4149 quod*deoimae
432 4083 513 4148 quas
527 4058 619 4126 Deus
632 4061 758 4127 Levitis
774 4065 956 4149 assignarat
972 4061 1082 4147 (Num.
1098 4073 1148 4147 18,

110 4162 180 4249 it),
201 4160 305 4231 Lavit.
320 4166 373 4245 27,
388 4166 440 4245 26.
454 4167 496 4229 30
511 4184 561 4250 sq.
609 4161 683 4230 Deo
704 4163 853 4261 debitae,

875 4163 950 4231 Deo
971 4184 1083 4232 sacrae
1101 4166 1149 4230 di-

868 4265 895 4332 P
990 4358 997 4369 .
