<?xml version="1.0" encoding="UTF-8"?>
<!DOCTYPE html PUBLIC "-//W3C//DTD XHTML 1.0 Transitional//EN"
    "http://www.w3.org/TR/xhtml1/DTD/xhtml1-transitional.dtd">
<html xmlns="http://www.w3.org/1999/xhtml" xml:lang="en" lang="en">
 <head>
  <title>
</title>
<meta http-equiv="Content-Type" content="text/html;charset=utf-8" />
  <meta name='ocr-system' content='tesseract 3.04.00' />
  <meta name='ocr-capabilities' content='ocr_page ocr_carea ocr_par ocr_line ocrx_word'/>
</head>
<body>
  <div class='ocr_page' id='page_1' title='image "./dchristianitheo00kuehgoog_0318.png"; bbox 0 0 2632 4740; ppageno 0'>
   <div class='ocr_carea' id='block_1_1' title="bbox 162 266 913 385">
    <p class='ocr_par' dir='ltr' id='par_1_1' title="bbox 162 266 913 385">
     <span class='ocr_line' id='line_1_1' title="bbox 162 266 913 385; baseline 0.004 -8"><span class='ocrx_word' id='word_1_1' title='bbox 162 306 258 385; x_wconf 58' lang='grc'>288,</span> <span class='ocrx_word' id='word_1_2' title='bbox 335 351 338 357; x_wconf 37' lang='grc'><strong>.</strong></span> <span class='ocrx_word' id='word_1_3' title='bbox 411 358 416 365; x_wconf 92' lang='grc'><strong>.</strong></span> <span class='ocrx_word' id='word_1_4' title='bbox 498 266 913 382; x_wconf 51' lang='grc' dir='ltr'>ΟοουΤΙΧνο.</span> 
     </span>
    </p>
   </div>
   <div class='ocr_carea' id='block_1_2' title="bbox 70 461 1232 4287">
    <p class='ocr_par' dir='ltr' id='par_1_2' title="bbox 70 461 1232 4287">
     <span class='ocr_line' id='line_1_2' title="bbox 160 461 1201 565; baseline 0.006 -29"><span class='ocrx_word' id='word_1_5' title='bbox 160 465 292 554; x_wconf 89' lang='lat' dir='ltr'>Ioseph.</span> <span class='ocrx_word' id='word_1_6' title='bbox 306 465 346 530; x_wconf 87' lang='grc' dir='ltr'>Β.</span> <span class='ocrx_word' id='word_1_7' title='bbox 363 461 390 533; x_wconf 87' lang='grc' dir='ltr'>Ι.</span> <span class='ocrx_word' id='word_1_8' title='bbox 403 468 434 547; x_wconf 91' lang='grc'>5,</span> <span class='ocrx_word' id='word_1_9' title='bbox 451 467 482 532; x_wconf 90' lang='grc'>5.</span> <span class='ocrx_word' id='word_1_10' title='bbox 498 470 529 532; x_wconf 91' lang='grc'>5.</span> <span class='ocrx_word' id='word_1_11' title='bbox 552 463 658 534; x_wconf 69' lang='grc' dir='ltr'><em>ἔκειτο</em></span> <span class='ocrx_word' id='word_1_12' title='bbox 673 465 704 536; x_wconf 79' lang='grc' dir='ltr'>δ’</span> <span class='ocrx_word' id='word_1_13' title='bbox 719 469 818 537; x_wconf 76' lang='grc' dir='ltr'><em>οὐδὲν</em></span> <span class='ocrx_word' id='word_1_14' title='bbox 831 470 867 537; x_wconf 78' lang='grc' dir='ltr'>ἓν</span> <span class='ocrx_word' id='word_1_15' title='bbox 882 472 977 565; x_wconf 73' lang='grc' dir='ltr'><em>αὐτῷ</em></span> <span class='ocrx_word' id='word_1_16' title='bbox 992 475 1201 564; x_wconf 73' lang='grc' dir='ltr'>ν.1)τμλ’κμά</span> 
     </span>
     <span class='ocr_line' id='line_1_3' title="bbox 160 567 1198 656; baseline 0.004 -18"><span class='ocrx_word' id='word_1_17' title='bbox 160 572 260 638; x_wconf 89' lang='lat' dir='ltr'>Obss.</span> <span class='ocrx_word' id='word_1_18' title='bbox 280 569 387 634; x_wconf 86' lang='lat' dir='ltr'>Sacrr.</span> <span class='ocrx_word' id='word_1_19' title='bbox 400 567 438 634; x_wconf 88' lang='lat' dir='ltr'>P.</span> <span class='ocrx_word' id='word_1_20' title='bbox 449 575 480 634; x_wconf 99' lang='grc'>3.</span> <span class='ocrx_word' id='word_1_21' title='bbox 490 591 523 656; x_wconf 87' lang='lat' dir='ltr'>p.</span> <span class='ocrx_word' id='word_1_22' title='bbox 535 573 606 635; x_wconf 84' lang='lat'>142.</span> <span class='ocrx_word' id='word_1_23' title='bbox 633 570 762 636; x_wconf 77' lang='lat' dir='ltr'>Wineri</span> <span class='ocrx_word' id='word_1_24' title='bbox 778 571 927 640; x_wconf 71' lang='lat' dir='ltr'>Bronten.-</span> <span class='ocrx_word' id='word_1_25' title='bbox 943 576 1198 645; x_wconf 77' lang='lat' dir='ltr'>Reulwdrterdtcl</span> 
     </span>
     <span class='ocr_line' id='line_1_4' title="bbox 157 669 1197 755; baseline 0.002 -16"><span class='ocrx_word' id='word_1_26' title='bbox 157 696 185 740; x_wconf 88' lang='lat' dir='ltr'>s.</span> <span class='ocrx_word' id='word_1_27' title='bbox 200 696 232 738; x_wconf 86' lang='lat' dir='ltr'>v.</span> <span class='ocrx_word' id='word_1_28' title='bbox 248 671 463 735; x_wconf 77' lang='lat' dir='ltr'>Bondealoc&#39;e.</span> <span class='ocrx_word' id='word_1_29' title='bbox 507 669 590 735; x_wconf 88' lang='lat' dir='ltr'>Cum</span> <span class='ocrx_word' id='word_1_30' title='bbox 603 670 1004 755; x_wconf 71' lang='lat' dir='ltr'>templumSolomoneum</span> <span class='ocrx_word' id='word_1_31' title='bbox 1015 701 1038 744; x_wconf 80' lang='lat' dir='ltr'>a</span> <span class='ocrx_word' id='word_1_32' title='bbox 1051 677 1197 745; x_wconf 75' lang='lat' dir='ltr'><strong>Chaldaeis</strong></span> 
     </span>
     <span class='ocr_line' id='line_1_5' title="bbox 157 771 1232 871; baseline 0.001 -31"><span class='ocrx_word' id='word_1_33' title='bbox 157 777 354 851; x_wconf 81' lang='lat' dir='ltr'>dirueretur,</span> <span class='ocrx_word' id='word_1_34' title='bbox 378 773 476 835; x_wconf 90' lang='lat' dir='ltr'>etiam</span> <span class='ocrx_word' id='word_1_35' title='bbox 492 794 568 835; x_wconf 86' lang='lat' dir='ltr'>arca</span> <span class='ocrx_word' id='word_1_36' title='bbox 587 771 732 836; x_wconf 86' lang='lat' dir='ltr'>foederis</span> <span class='ocrx_word' id='word_1_37' title='bbox 753 778 863 857; x_wconf 86' lang='lat' dir='ltr'>periit.</span> <span class='ocrx_word' id='word_1_38' title='bbox 905 777 1078 863; x_wconf 86' lang='lat' dir='ltr'>Epistolae</span> <span class='ocrx_word' id='word_1_39' title='bbox 1100 792 1193 859; x_wconf 80' lang='lat' dir='ltr'>auctor,</span> <span class='ocrx_word' id='word_1_40' title='bbox 1229 836 1232 871; x_wconf 51' lang='grc' dir='ltr'>Ι</span> 
     </span>
     <span class='ocr_line' id='line_1_6' title="bbox 156 870 1193 965; baseline 0.002 -25"><span class='ocrx_word' id='word_1_41' title='bbox 156 879 211 964; x_wconf 83' lang='lat' dir='ltr'>qui</span> <span class='ocrx_word' id='word_1_42' title='bbox 226 874 258 939; x_wconf 88' lang='lat' dir='ltr'>h.</span> <span class='ocrx_word' id='word_1_43' title='bbox 273 872 296 935; x_wconf 92' lang='lat' dir='ltr'>l.</span> <span class='ocrx_word' id='word_1_44' title='bbox 315 870 559 937; x_wconf 89' lang='lat' dir='ltr'>tabernaculum</span> <span class='ocrx_word' id='word_1_45' title='bbox 577 871 684 937; x_wconf 84' lang='lat' dir='ltr'>Masis</span> <span class='ocrx_word' id='word_1_46' title='bbox 710 874 875 958; x_wconf 73' lang='lat' dir='ltr'>describit,</span> <span class='ocrx_word' id='word_1_47' title='bbox 898 890 1030 943; x_wconf 84' lang='lat' dir='ltr'>secutus</span> <span class='ocrx_word' id='word_1_48' title='bbox 1052 891 1104 965; x_wconf 85' lang='lat' dir='ltr'>est</span> <span class='ocrx_word' id='word_1_49' title='bbox 1121 883 1193 943; x_wconf 81' lang='lat' dir='ltr'>inter-</span> 
     </span>
     <span class='ocr_line' id='line_1_7' title="bbox 152 971 1193 1066; baseline 0.001 -24"><span class='ocrx_word' id='word_1_50' title='bbox 152 979 367 1066; x_wconf 80' lang='lat' dir='ltr'>pretationem</span> <span class='ocrx_word' id='word_1_51' title='bbox 384 971 529 1036; x_wconf 88' lang='lat' dir='ltr'>locorum</span> <span class='ocrx_word' id='word_1_52' title='bbox 541 972 764 1056; x_wconf 84' lang='lat' dir='ltr'>Pentateuchi,</span> <span class='ocrx_word' id='word_1_53' title='bbox 786 997 885 1061; x_wconf 88' lang='lat' dir='ltr'>supra</span> <span class='ocrx_word' id='word_1_54' title='bbox 905 977 1089 1062; x_wconf 90' lang='lat' dir='ltr'>allatorum,</span> <span class='ocrx_word' id='word_1_55' title='bbox 1110 980 1193 1044; x_wconf 84' lang='lat' dir='ltr'>docto·</span> 
     </span>
     <span class='ocr_line' id='line_1_8' title="bbox 151 1075 1193 1156; baseline -0.002 -12"><span class='ocrx_word' id='word_1_56' title='bbox 151 1079 243 1144; x_wconf 82' lang='lat' dir='ltr'>ribus</span> <span class='ocrx_word' id='word_1_57' title='bbox 259 1075 402 1139; x_wconf 85' lang='lat' dir='ltr'>Iudaicis</span> <span class='ocrx_word' id='word_1_58' title='bbox 427 1095 505 1138; x_wconf 86' lang='lat' dir='ltr'>suae</span> <span class='ocrx_word' id='word_1_59' title='bbox 532 1076 649 1139; x_wconf 86' lang='lat' dir='ltr'>aetatis</span> <span class='ocrx_word' id='word_1_60' title='bbox 669 1079 840 1156; x_wconf 84' lang='lat' dir='ltr'>usitatam,</span> <span class='ocrx_word' id='word_1_61' title='bbox 864 1081 963 1143; x_wconf 89' lang='lat' dir='ltr'>etiam</span> <span class='ocrx_word' id='word_1_62' title='bbox 984 1079 1193 1145; x_wconf 84' lang='lat' dir='ltr'>recentioribus</span> 
     </span>
     <span class='ocr_line' id='line_1_9' title="bbox 70 1170 1199 1267; baseline -0.003 -23"><span class='ocrx_word' id='word_1_63' title='bbox 70 1172 72 1177; x_wconf 62' lang='grc'><strong>’</strong></span> <span class='ocrx_word' id='word_1_64' title='bbox 151 1174 888 1267; x_wconf 61' lang='grc' dir='ltr'>ΙιιάαοοτααιιαοςίεῑτὶερτοὶτοῐοιολλΙμοκῪ.</span> <span class='ocrx_word' id='word_1_65' title='bbox 899 1180 1072 1246; x_wconf 81' lang='lat' dir='ltr'>Gereonio</span> <span class='ocrx_word' id='word_1_66' title='bbox 1087 1170 1199 1265; x_wconf 79' lang='lat' dir='ltr'>illegg.</span> 
     </span>
     <span class='ocr_line' id='line_1_10' title="bbox 152 1275 1201 1366; baseline -0.003 -20"><span class='ocrx_word' id='word_1_67' title='bbox 152 1289 182 1346; x_wconf 96' lang='grc'>8.</span> <span class='ocrx_word' id='word_1_68' title='bbox 198 1281 272 1346; x_wconf 85' lang='lat' dir='ltr'>Hoc</span> <span class='ocrx_word' id='word_1_69' title='bbox 280 1299 342 1343; x_wconf 84' lang='grc' dir='ltr'>αοα</span> <span class='ocrx_word' id='word_1_70' title='bbox 356 1285 465 1359; x_wconf 76' lang='lat' dir='ltr'>negat,</span> <span class='ocrx_word' id='word_1_71' title='bbox 475 1275 523 1340; x_wconf 70' lang='lat' dir='ltr'>ibt·</span> <span class='ocrx_word' id='word_1_72' title='bbox 529 1275 642 1353; x_wconf 76' lang='lat' dir='ltr'>fnisse</span> <span class='ocrx_word' id='word_1_73' title='bbox 658 1299 709 1359; x_wconf 81' lang='lat' dir='ltr'>eo,</span> <span class='ocrx_word' id='word_1_74' title='bbox 720 1301 803 1366; x_wconf 82' lang='lat' dir='ltr'>puae</span> <span class='ocrx_word' id='word_1_75' title='bbox 814 1282 1201 1348; x_wconf 66' lang='lat' dir='ltr'>comanemoranturt‘nbe·</span> 
     </span>
     <span class='ocr_line' id='line_1_11' title="bbox 147 1369 1202 1466; baseline -0.002 -20"><span class='ocrx_word' id='word_1_76' title='bbox 147 1405 199 1466; x_wconf 82' lang='lat' dir='ltr'>ge,</span> <span class='ocrx_word' id='word_1_77' title='bbox 221 1388 256 1445; x_wconf 79' lang='grc' dir='ltr'><em>κά</em></span> <span class='ocrx_word' id='word_1_78' title='bbox 269 1400 338 1444; x_wconf 86' lang='lat' dir='ltr'>eam</span> <span class='ocrx_word' id='word_1_79' title='bbox 345 1378 458 1454; x_wconf 76' lang='lat' dir='ltr'>fuisse</span> <span class='ocrx_word' id='word_1_80' title='bbox 473 1369 629 1462; x_wconf 77' lang='lat' dir='ltr'>reposita,</span> <span class='ocrx_word' id='word_1_81' title='bbox 651 1389 688 1442; x_wconf 81' lang='lat' dir='ltr'>ut</span> <span class='ocrx_word' id='word_1_82' title='bbox 702 1385 872 1464; x_wconf 77' lang='grc' dir='ltr'><em>τοίμνοκσα</em></span> <span class='ocrx_word' id='word_1_83' title='bbox 887 1381 1035 1448; x_wconf 74' lang='grc' dir='ltr'><em>Αανοαίτ</em></span> <span class='ocrx_word' id='word_1_84' title='bbox 1050 1392 1084 1446; x_wconf 84' lang='lat' dir='ltr'>et</span> <span class='ocrx_word' id='word_1_85' title='bbox 1102 1404 1202 1448; x_wconf 81' lang='lat' dir='ltr'>urceo-</span> 
     </span>
     <span class='ocr_line' id='line_1_12' title="bbox 149 1475 1207 1568; baseline -0.002 -21"><span class='ocrx_word' id='word_1_86' title='bbox 149 1487 212 1547; x_wconf 80' lang='lat' dir='ltr'>lum</span> <span class='ocrx_word' id='word_1_87' title='bbox 233 1482 391 1548; x_wconf 72' lang='lat' dir='ltr'>Marsuae.</span> <span class='ocrx_word' id='word_1_88' title='bbox 415 1478 455 1542; x_wconf 91' lang='lat' dir='ltr'>ln</span> <span class='ocrx_word' id='word_1_89' title='bbox 477 1475 576 1543; x_wconf 86' lang='lat' dir='ltr'>Num.</span> <span class='ocrx_word' id='word_1_90' title='bbox 603 1482 653 1557; x_wconf 92' lang='grc'>17,</span> <span class='ocrx_word' id='word_1_91' title='bbox 676 1483 727 1541; x_wconf 90' lang='grc'>10.</span> <span class='ocrx_word' id='word_1_92' title='bbox 748 1501 795 1545; x_wconf 78' lang='grc' dir='ltr'>αα</span> <span class='ocrx_word' id='word_1_93' title='bbox 820 1501 858 1544; x_wconf 88' lang='lat' dir='ltr'>eo</span> <span class='ocrx_word' id='word_1_94' title='bbox 878 1493 1006 1561; x_wconf 79' lang='lat' dir='ltr'>autem,</span> <span class='ocrx_word' id='word_1_95' title='bbox 1035 1485 1118 1568; x_wconf 83' lang='lat' dir='ltr'>quod</span> <span class='ocrx_word' id='word_1_96' title='bbox 1132 1485 1207 1548; x_wconf 66' lang='lat' dir='ltr'>duc*</span> 
     </span>
     <span class='ocr_line' id='line_1_13' title="bbox 148 1585 1212 1664; baseline -0.002 -16"><span class='ocrx_word' id='word_1_97' title='bbox 148 1605 256 1648; x_wconf 82' lang='lat' dir='ltr'>coram</span> <span class='ocrx_word' id='word_1_98' title='bbox 272 1585 451 1645; x_wconf 77' lang='lat' dir='ltr'>testimonio</span> <span class='ocrx_word' id='word_1_99' title='bbox 462 1585 584 1661; x_wconf 73' lang='lat' dir='ltr'>potirer,</span> <span class='ocrx_word' id='word_1_100' title='bbox 608 1600 700 1664; x_wconf 82' lang='lat' dir='ltr'>quom</span> <span class='ocrx_word' id='word_1_101' title='bbox 716 1601 824 1645; x_wconf 84' lang='lat' dir='ltr'>coram</span> <span class='ocrx_word' id='word_1_102' title='bbox 841 1603 933 1660; x_wconf 84' lang='grc' dir='ltr'><em>ανοα,</em></span> <span class='ocrx_word' id='word_1_103' title='bbox 949 1585 1106 1663; x_wconf 73' lang='lat' dir='ltr'>discimus,</span> <span class='ocrx_word' id='word_1_104' title='bbox 1121 1591 1212 1648; x_wconf 62' lang='lat' dir='ltr'>intra</span> 
     </span>
     <span class='ocr_line' id='line_1_14' title="bbox 147 1679 1223 1763; baseline -0.003 -16"><span class='ocrx_word' id='word_1_105' title='bbox 147 1705 259 1750; x_wconf 80' lang='grc' dir='ltr'><em>ανσαοι</em></span> <span class='ocrx_word' id='word_1_106' title='bbox 272 1682 393 1758; x_wconf 78' lang='lat' dir='ltr'>fitt&#39;see.</span> <span class='ocrx_word' id='word_1_107' title='bbox 437 1679 524 1743; x_wconf 85' lang='lat' dir='ltr'>Nam</span> <span class='ocrx_word' id='word_1_108' title='bbox 546 1685 577 1742; x_wconf 77' lang='lat' dir='ltr'>aa·</span> <span class='ocrx_word' id='word_1_109' title='bbox 593 1690 697 1744; x_wconf 73' lang='lat' dir='ltr'>astra</span> <span class='ocrx_word' id='word_1_110' title='bbox 716 1701 786 1744; x_wconf 85' lang='lat' dir='ltr'>eam</span> <span class='ocrx_word' id='word_1_111' title='bbox 799 1681 966 1763; x_wconf 74' lang='lat' dir='ltr'>fuissent,</span> <span class='ocrx_word' id='word_1_112' title='bbox 998 1687 1150 1755; x_wconf 72' lang='lat' dir='ltr'>dicendus</span> <span class='ocrx_word' id='word_1_113' title='bbox 1165 1684 1223 1746; x_wconf 76' lang='grc' dir='ltr'>οἱ</span> 
     </span>
     <span class='ocr_line' id='line_1_15' title="bbox 138 1784 1204 1864; baseline -0.006 -14"><span class='ocrx_word' id='word_1_114' title='bbox 138 1785 265 1864; x_wconf 80' lang='lat' dir='ltr'>fuisset</span> <span class='ocrx_word' id='word_1_115' title='bbox 280 1803 387 1847; x_wconf 85' lang='lat' dir='ltr'>coram</span> <span class='ocrx_word' id='word_1_116' title='bbox 404 1801 495 1857; x_wconf 82' lang='grc' dir='ltr'><em>αναα,</em></span> <span class='ocrx_word' id='word_1_117' title='bbox 516 1801 577 1844; x_wconf 81' lang='lat' dir='ltr'>non</span> <span class='ocrx_word' id='word_1_118' title='bbox 593 1801 701 1845; x_wconf 84' lang='lat' dir='ltr'>coram</span> <span class='ocrx_word' id='word_1_119' title='bbox 715 1789 906 1847; x_wconf 77' lang='lat' dir='ltr'>testimonio.</span> <span class='ocrx_word' id='word_1_120' title='bbox 919 1784 987 1849; x_wconf 85' lang='lat' dir='ltr'>vid.</span> <span class='ocrx_word' id='word_1_121' title='bbox 1015 1785 1204 1850; x_wconf 66' lang='lat' dir='ltr'>Welsteninoe</span> 
     </span>
     <span class='ocr_line' id='line_1_16' title="bbox 145 1878 1196 1968; baseline -0.004 -21"><span class='ocrx_word' id='word_1_122' title='bbox 145 1883 231 1948; x_wconf 87' lang='lat' dir='ltr'>adh.</span> <span class='ocrx_word' id='word_1_123' title='bbox 246 1882 269 1946; x_wconf 91' lang='lat' dir='ltr'>l.</span> <span class='ocrx_word' id='word_1_124' title='bbox 288 1917 332 1930; x_wconf 85' lang='lat'>-</span> <span class='ocrx_word' id='word_1_125' title='bbox 353 1878 524 1945; x_wconf 88' lang='lat' dir='ltr'>Vocabulo</span> <span class='ocrx_word' id='word_1_126' title='bbox 542 1880 562 1958; x_wconf 82' lang='grc' dir='ltr'><em>ἡ</em></span> <span class='ocrx_word' id='word_1_127' title='bbox 578 1879 742 1964; x_wconf 77' lang='grc' dir='ltr'><em>στάμνος,</em></span> <span class='ocrx_word' id='word_1_128' title='bbox 765 1883 962 1968; x_wconf 85' lang='lat' dir='ltr'>quodetiam</span> <span class='ocrx_word' id='word_1_129' title='bbox 982 1886 1018 1948; x_wconf 92' lang='lat' dir='ltr'>in</span> <span class='ocrx_word' id='word_1_130' title='bbox 1033 1884 1196 1950; x_wconf 82' lang='lat' dir='ltr'>masculino</span> 
     </span>
     <span class='ocr_line' id='line_1_17' title="bbox 143 1972 1194 2070; baseline -0.003 -24"><span class='ocrx_word' id='word_1_131' title='bbox 143 2007 263 2070; x_wconf 84' lang='lat' dir='ltr'>genere</span> <span class='ocrx_word' id='word_1_132' title='bbox 285 1972 496 2067; x_wconf 80' lang='lat' dir='ltr'>scriptoribus</span> <span class='ocrx_word' id='word_1_133' title='bbox 519 1994 693 2066; x_wconf 87' lang='lat' dir='ltr'>usurpatur</span> <span class='ocrx_word' id='word_1_134' title='bbox 714 1982 883 2069; x_wconf 73' lang='lat' dir='ltr'>Aristoph.</span> <span class='ocrx_word' id='word_1_135' title='bbox 904 1983 991 2049; x_wconf 88' lang='lat' dir='ltr'>Plut.</span> <span class='ocrx_word' id='word_1_136' title='bbox 1007 1990 1081 2052; x_wconf 85' lang='grc'><strong>545.</strong></span> <span class='ocrx_word' id='word_1_137' title='bbox 1101 1986 1148 2050; x_wconf 91' lang='lat' dir='ltr'>ubi</span> <span class='ocrx_word' id='word_1_138' title='bbox 1161 2003 1194 2043; x_wconf 82' lang='grc' dir='ltr'>τ.</span> 
     </span>
     <span class='ocr_line' id='line_1_18' title="bbox 144 2079 1198 2183; baseline -0.005 -33"><span class='ocrx_word' id='word_1_139' title='bbox 144 2084 255 2183; x_wconf 78' lang='lat' dir='ltr'>Schol.</span> <span class='ocrx_word' id='word_1_140' title='bbox 279 2084 403 2148; x_wconf 82' lang='lat' dir='ltr'>Sextus</span> <span class='ocrx_word' id='word_1_141' title='bbox 424 2079 548 2165; x_wconf 76' lang='lat' dir='ltr'>E&#39;mpir.</span> <span class='ocrx_word' id='word_1_142' title='bbox 567 2103 597 2145; x_wconf 86' lang='lat' dir='ltr'>a.</span> <span class='ocrx_word' id='word_1_143' title='bbox 614 2081 722 2146; x_wconf 85' lang='lat' dir='ltr'>Gram.</span> <span class='ocrx_word' id='word_1_144' title='bbox 746 2088 776 2164; x_wconf 90' lang='lat'>1,</span> <span class='ocrx_word' id='word_1_145' title='bbox 796 2088 916 2150; x_wconf 59' lang='lat'>2148.</span> <span class='ocrx_word' id='word_1_146' title='bbox 938 2086 1101 2150; x_wconf 89' lang='lat' dir='ltr'>indicatur</span> <span class='ocrx_word' id='word_1_147' title='bbox 1119 2089 1198 2152; x_wconf 69' lang='lat' dir='ltr'>decit</span> 
     </span>
     <span class='ocr_line' id='line_1_19' title="bbox 142 2183 1193 2273; baseline 0 -22"><span class='ocrx_word' id='word_1_148' title='bbox 142 2187 271 2273; x_wconf 83' lang='lat' dir='ltr'>(Horat.</span> <span class='ocrx_word' id='word_1_149' title='bbox 295 2184 360 2249; x_wconf 88' lang='lat' dir='ltr'>Od.</span> <span class='ocrx_word' id='word_1_150' title='bbox 382 2190 412 2265; x_wconf 85' lang='lat'>1,</span> <span class='ocrx_word' id='word_1_151' title='bbox 433 2183 560 2266; x_wconf 85' lang='lat'>9.10.),</span> <span class='ocrx_word' id='word_1_152' title='bbox 584 2184 749 2269; x_wconf 79' lang='lat' dir='ltr'>amphora,</span> <span class='ocrx_word' id='word_1_153' title='bbox 773 2206 899 2265; x_wconf 77' lang='lat' dir='ltr'>urceos,</span> <span class='ocrx_word' id='word_1_154' title='bbox 919 2203 980 2248; x_wconf 83' lang='lat' dir='ltr'>vas</span> <span class='ocrx_word' id='word_1_155' title='bbox 1002 2185 1193 2272; x_wconf 66' lang='lat' dir='ltr'>liquidnm,</span> 
     </span>
     <span class='ocr_line' id='line_1_20' title="bbox 139 2282 1190 2377; baseline -0.006 -26"><span class='ocrx_word' id='word_1_156' title='bbox 139 2292 290 2377; x_wconf 82' lang='lat' dir='ltr'>utrinque</span> <span class='ocrx_word' id='word_1_157' title='bbox 314 2282 478 2366; x_wconf 81' lang='lat' dir='ltr'>ansatum,</span> <span class='ocrx_word' id='word_1_158' title='bbox 507 2286 656 2368; x_wconf 86' lang='lat' dir='ltr'>inprimis</span> <span class='ocrx_word' id='word_1_159' title='bbox 671 2287 748 2348; x_wconf 89' lang='lat' dir='ltr'>vino</span> <span class='ocrx_word' id='word_1_160' title='bbox 772 2286 994 2349; x_wconf 87' lang='lat' dir='ltr'>conservando</span> <span class='ocrx_word' id='word_1_161' title='bbox 1014 2290 1190 2359; x_wconf 84' lang='lat' dir='ltr'>inserviens.</span> 
     </span>
     <span class='ocr_line' id='line_1_21' title="bbox 138 2378 1191 2478; baseline -0.003 -25"><span class='ocrx_word' id='word_1_162' title='bbox 138 2390 356 2453; x_wconf 86' lang='lat' dir='ltr'>Phavorinus:</span> <span class='ocrx_word' id='word_1_163' title='bbox 388 2378 555 2469; x_wconf 71' lang='lat' dir='ltr'>orcipcovr</span> <span class='ocrx_word' id='word_1_164' title='bbox 577 2384 655 2460; x_wconf 78' lang='grc' dir='ltr'><em>τούς</em></span> <span class='ocrx_word' id='word_1_165' title='bbox 685 2384 851 2473; x_wconf 79' lang='grc' dir='ltr'><em>άμφορεῐς</em></span> <span class='ocrx_word' id='word_1_166' title='bbox 877 2389 937 2453; x_wconf 85' lang='grc' dir='ltr'>τοῦ</span> <span class='ocrx_word' id='word_1_167' title='bbox 954 2387 1060 2455; x_wconf 85' lang='grc' dir='ltr'><em>οἴνου</em></span> <span class='ocrx_word' id='word_1_168' title='bbox 1087 2383 1191 2478; x_wconf 73' lang='grc' dir='ltr'><em>φασίν.</em></span> 
     </span>
     <span class='ocr_line' id='line_1_22' title="bbox 138 2485 1192 2574; baseline 0.005 -21"><span class='ocrx_word' id='word_1_169' title='bbox 138 2487 248 2553; x_wconf 82' lang='lat' dir='ltr'>Schol.</span> <span class='ocrx_word' id='word_1_170' title='bbox 264 2488 305 2550; x_wconf 86' lang='lat' dir='ltr'>ad</span> <span class='ocrx_word' id='word_1_171' title='bbox 313 2486 479 2571; x_wconf 83' lang='lat' dir='ltr'>Aristoph.</span> <span class='ocrx_word' id='word_1_172' title='bbox 489 2485 570 2549; x_wconf 89' lang='lat' dir='ltr'>Ran.</span> <span class='ocrx_word' id='word_1_173' title='bbox 583 2508 615 2551; x_wconf 89' lang='lat' dir='ltr'>v.</span> <span class='ocrx_word' id='word_1_174' title='bbox 633 2492 684 2549; x_wconf 83' lang='lat'>22.</span> <span class='ocrx_word' id='word_1_175' title='bbox 707 2485 856 2568; x_wconf 79' lang='grc' dir='ltr'><em>σταμνία</em></span> <span class='ocrx_word' id='word_1_176' title='bbox 870 2489 931 2551; x_wconf 86' lang='grc' dir='ltr'>καὶ</span> <span class='ocrx_word' id='word_1_177' title='bbox 946 2487 1114 2574; x_wconf 85' lang='grc' dir='ltr'><em>στάμνοος</em></span> <span class='ocrx_word' id='word_1_178' title='bbox 1125 2485 1192 2558; x_wconf 69' lang='grc' dir='ltr'>τούς</span> 
     </span>
     <span class='ocr_line' id='line_1_23' title="bbox 136 2584 1188 2677; baseline -0.005 -23"><span class='ocrx_word' id='word_1_179' title='bbox 136 2587 302 2677; x_wconf 73' lang='grc' dir='ltr'><em>άμῳορεῖς</em></span> <span class='ocrx_word' id='word_1_180' title='bbox 317 2586 378 2652; x_wconf 85' lang='grc' dir='ltr'>τοῦ</span> <span class='ocrx_word' id='word_1_181' title='bbox 392 2589 484 2653; x_wconf 79' lang='grc' dir='ltr'><em>οἴνου</em></span> <span class='ocrx_word' id='word_1_182' title='bbox 497 2584 609 2676; x_wconf 80' lang='grc' dir='ltr'><em>φασίν.</em></span> <span class='ocrx_word' id='word_1_183' title='bbox 632 2588 704 2650; x_wconf 91' lang='lat' dir='ltr'>add.</span> <span class='ocrx_word' id='word_1_184' title='bbox 720 2586 842 2652; x_wconf 86' lang='lat' dir='ltr'>Pollux</span> <span class='ocrx_word' id='word_1_185' title='bbox 858 2588 1028 2655; x_wconf 84' lang='lat' dir='ltr'>Onomast.</span> <span class='ocrx_word' id='word_1_186' title='bbox 1043 2599 1074 2672; x_wconf 87' lang='grc'>6,</span> <span class='ocrx_word' id='word_1_187' title='bbox 1089 2599 1118 2656; x_wconf 91' lang='grc'>2.</span> <span class='ocrx_word' id='word_1_188' title='bbox 1129 2588 1188 2653; x_wconf 85' lang='lat' dir='ltr'>lle-</span> 
     </span>
     <span class='ocr_line' id='line_1_24' title="bbox 135 2684 1182 2774; baseline -0.009 -18"><span class='ocrx_word' id='word_1_189' title='bbox 135 2691 277 2774; x_wconf 88' lang='lat' dir='ltr'>sychius:</span> <span class='ocrx_word' id='word_1_190' title='bbox 300 2686 465 2773; x_wconf 83' lang='grc' dir='ltr'><em>στάμνος,</em></span> <span class='ocrx_word' id='word_1_191' title='bbox 488 2685 602 2774; x_wconf 78' lang='grc' dir='ltr'><em>ὑδρία,</em></span> <span class='ocrx_word' id='word_1_192' title='bbox 625 2685 756 2768; x_wconf 82' lang='grc' dir='ltr'><em>κάλπη,</em></span> <span class='ocrx_word' id='word_1_193' title='bbox 778 2687 950 2766; x_wconf 77' lang='grc' dir='ltr'><em>κάλαθος.</em></span> <span class='ocrx_word' id='word_1_194' title='bbox 994 2684 1182 2758; x_wconf 78' lang='lat' dir='ltr'>Grammatici</span> 
     </span>
     <span class='ocr_line' id='line_1_25' title="bbox 133 2787 1181 2878; baseline -0.006 -22"><span class='ocrx_word' id='word_1_195' title='bbox 133 2805 263 2856; x_wconf 85' lang='lat' dir='ltr'>veteres</span> <span class='ocrx_word' id='word_1_196' title='bbox 278 2791 340 2854; x_wconf 89' lang='lat' dir='ltr'>hoc</span> <span class='ocrx_word' id='word_1_197' title='bbox 355 2788 551 2854; x_wconf 90' lang='lat' dir='ltr'>vocabulum</span> <span class='ocrx_word' id='word_1_198' title='bbox 563 2787 713 2874; x_wconf 84' lang='lat' dir='ltr'>vulgare,</span> <span class='ocrx_word' id='word_1_199' title='bbox 737 2813 842 2876; x_wconf 92' lang='lat' dir='ltr'>neque</span> <span class='ocrx_word' id='word_1_200' title='bbox 863 2793 944 2854; x_wconf 84' lang='lat' dir='ltr'>satis</span> <span class='ocrx_word' id='word_1_201' title='bbox 966 2790 1100 2878; x_wconf 84' lang='lat' dir='ltr'>elegans</span> <span class='ocrx_word' id='word_1_202' title='bbox 1115 2789 1181 2857; x_wconf 90' lang='lat' dir='ltr'>iudi·</span> 
     </span>
     <span class='ocr_line' id='line_1_26' title="bbox 135 2885 1177 2980; baseline -0.007 -20"><span class='ocrx_word' id='word_1_203' title='bbox 135 2907 256 2960; x_wconf 88' lang='lat' dir='ltr'>carunt.</span> <span class='ocrx_word' id='word_1_204' title='bbox 301 2892 446 2958; x_wconf 82' lang='lat' dir='ltr'>Thomas</span> <span class='ocrx_word' id='word_1_205' title='bbox 460 2889 550 2974; x_wconf 85' lang='lat' dir='ltr'>Mag.</span> <span class='ocrx_word' id='word_1_206' title='bbox 565 2885 737 2978; x_wconf 78' lang='grc' dir='ltr'><em>άμφορεύς</em></span> <span class='ocrx_word' id='word_1_207' title='bbox 756 2890 845 2973; x_wconf 76' lang='grc' dir='ltr'><em>λέγε,</em></span> <span class='ocrx_word' id='word_1_208' title='bbox 865 2892 912 2975; x_wconf 78' lang='grc' dir='ltr'>μή</span> <span class='ocrx_word' id='word_1_209' title='bbox 937 2894 1100 2980; x_wconf 72' lang='grc' dir='ltr'><em>στάμνος,</em></span> <span class='ocrx_word' id='word_1_210' title='bbox 1115 2888 1177 2980; x_wconf 68' lang='grc' dir='ltr'>μηδὲ</span> 
     </span>
     <span class='ocr_line' id='line_1_27' title="bbox 131 2985 1173 3084; baseline -0.005 -23"><span class='ocrx_word' id='word_1_211' title='bbox 131 2992 309 3084; x_wconf 74' lang='grc' dir='ltr'><em>μετρητής.</em></span> <span class='ocrx_word' id='word_1_212' title='bbox 350 2993 477 3058; x_wconf 88' lang='lat' dir='ltr'>Moeris</span> <span class='ocrx_word' id='word_1_213' title='bbox 499 2991 667 3055; x_wconf 88' lang='lat' dir='ltr'>Atticista:</span> <span class='ocrx_word' id='word_1_214' title='bbox 692 2990 864 3079; x_wconf 82' lang='grc' dir='ltr'><em>άμφορέα·</em></span> <span class='ocrx_word' id='word_1_215' title='bbox 888 2990 949 3057; x_wconf 81' lang='grc' dir='ltr'>τόν</span> <span class='ocrx_word' id='word_1_216' title='bbox 972 2993 1094 3061; x_wconf 83' lang='grc' dir='ltr'><em>δίωτον</em></span> <span class='ocrx_word' id='word_1_217' title='bbox 1116 2985 1173 3059; x_wconf 81' lang='grc' dir='ltr'><em>ατί·</em></span> 
     </span>
     <span class='ocr_line' id='line_1_28' title="bbox 130 3089 1172 3183; baseline -0.003 -21"><span class='ocrx_word' id='word_1_218' title='bbox 130 3120 227 3183; x_wconf 82' lang='grc' dir='ltr'><em>μνον,</em></span> <span class='ocrx_word' id='word_1_219' title='bbox 241 3093 407 3176; x_wconf 77' lang='grc' dir='ltr'><em>Ἀττικῶς,</em></span> <span class='ocrx_word' id='word_1_220' title='bbox 431 3089 582 3176; x_wconf 86' lang='grc' dir='ltr'><em>στάμνον</em></span> <span class='ocrx_word' id='word_1_221' title='bbox 604 3089 806 3171; x_wconf 81' lang='grc' dir='ltr'><em>Ἑλληνικῶς.</em></span> <span class='ocrx_word' id='word_1_222' title='bbox 848 3092 886 3156; x_wconf 95' lang='lat' dir='ltr'>In</span> <span class='ocrx_word' id='word_1_223' title='bbox 907 3113 994 3158; x_wconf 84' lang='lat' dir='ltr'>vers.</span> <span class='ocrx_word' id='word_1_224' title='bbox 1014 3096 1115 3161; x_wconf 85' lang='lat' dir='ltr'>Alex.</span> <span class='ocrx_word' id='word_1_225' title='bbox 1128 3094 1172 3159; x_wconf 78' lang='lat' dir='ltr'>Ex.</span> 
     </span>
     <span class='ocr_line' id='line_1_29' title="bbox 133 3192 1174 3284; baseline -0.006 -23"><span class='ocrx_word' id='word_1_226' title='bbox 133 3204 183 3277; x_wconf 84' lang='lat'>16,</span> <span class='ocrx_word' id='word_1_227' title='bbox 200 3203 251 3261; x_wconf 84' lang='lat'>33.</span> <span class='ocrx_word' id='word_1_228' title='bbox 275 3193 424 3278; x_wconf 85' lang='grc' dir='ltr'><em>στάμνος</em></span> <span class='ocrx_word' id='word_1_229' title='bbox 446 3192 622 3276; x_wconf 87' lang='lat' dir='ltr'>respondet</span> <span class='ocrx_word' id='word_1_230' title='bbox 643 3192 746 3257; x_wconf 91' lang='lat' dir='ltr'>Hebr.</span> <span class='ocrx_word' id='word_1_231' title='bbox 772 3203 881 3284; x_wconf 54' lang='grc'>111212,</span> <span class='ocrx_word' id='word_1_232' title='bbox 905 3195 952 3256; x_wconf 92' lang='lat' dir='ltr'>ita</span> <span class='ocrx_word' id='word_1_233' title='bbox 973 3196 1008 3258; x_wconf 91' lang='lat' dir='ltr'>in</span> <span class='ocrx_word' id='word_1_234' title='bbox 1024 3193 1174 3260; x_wconf 80' lang='lat' dir='ltr'>Hebraicis</span> 
     </span>
     <span class='ocr_line' id='line_1_30' title="bbox 131 3280 1219 3383; baseline -0.007 -22"><span class='ocrx_word' id='word_1_235' title='bbox 131 3299 294 3361; x_wconf 83' lang='lat' dir='ltr'>contextis</span> <span class='ocrx_word' id='word_1_236' title='bbox 319 3286 507 3379; x_wconf 87' lang='lat' dir='ltr'>simpliciter</span> <span class='ocrx_word' id='word_1_237' title='bbox 532 3290 663 3376; x_wconf 84' lang='lat' dir='ltr'>legitur,</span> <span class='ocrx_word' id='word_1_238' title='bbox 687 3293 745 3356; x_wconf 87' lang='lat' dir='ltr'>sed</span> <span class='ocrx_word' id='word_1_239' title='bbox 764 3292 984 3371; x_wconf 88' lang='lat' dir='ltr'>Alexandrini</span> <span class='ocrx_word' id='word_1_240' title='bbox 1002 3299 1174 3383; x_wconf 81' lang='lat' dir='ltr'>interpretes</span> <span class='ocrx_word' id='word_1_241' title='bbox 1216 3280 1219 3287; x_wconf 47' lang='lat'><strong>¹</strong></span> 
     </span>
     <span class='ocr_line' id='line_1_31' title="bbox 129 3392 1176 3480; baseline -0.006 -19"><span class='ocrx_word' id='word_1_242' title='bbox 129 3410 161 3461; x_wconf 92' lang='lat' dir='ltr'>et</span> <span class='ocrx_word' id='word_1_243' title='bbox 183 3397 278 3460; x_wconf 90' lang='lat' dir='ltr'>Philo</span> <span class='ocrx_word' id='word_1_244' title='bbox 301 3397 486 3480; x_wconf 88' lang='lat' dir='ltr'>amphoram</span> <span class='ocrx_word' id='word_1_245' title='bbox 507 3392 598 3457; x_wconf 90' lang='lat' dir='ltr'>illam</span> <span class='ocrx_word' id='word_1_246' title='bbox 620 3415 752 3459; x_wconf 83' lang='lat' dir='ltr'>auream</span> <span class='ocrx_word' id='word_1_247' title='bbox 772 3407 898 3476; x_wconf 91' lang='lat' dir='ltr'>vocant,</span> <span class='ocrx_word' id='word_1_248' title='bbox 923 3407 958 3470; x_wconf 85' lang='lat' dir='ltr'>ut</span> <span class='ocrx_word' id='word_1_249' title='bbox 982 3419 1002 3459; x_wconf 90' lang='lat' dir='ltr'>a</span> <span class='ocrx_word' id='word_1_250' title='bbox 1018 3396 1176 3462; x_wconf 83' lang='lat' dir='ltr'>maioribus</span> 
     </span>
     <span class='ocr_line' id='line_1_32' title="bbox 105 3492 1177 3580; baseline -0.003 -18"><span class='ocrx_word' id='word_1_251' title='bbox 105 3492 107 3497; x_wconf 39' lang='lat'><strong>¹</strong></span> <span class='ocrx_word' id='word_1_252' title='bbox 127 3499 213 3562; x_wconf 90' lang='lat' dir='ltr'>haud</span> <span class='ocrx_word' id='word_1_253' title='bbox 233 3497 330 3561; x_wconf 85' lang='lat' dir='ltr'>dubie</span> <span class='ocrx_word' id='word_1_254' title='bbox 350 3506 551 3579; x_wconf 90' lang='lat' dir='ltr'>acceperant.</span> <span class='ocrx_word' id='word_1_255' title='bbox 576 3492 696 3580; x_wconf 76' lang='grc' dir='ltr'><em>ἔχουσα</em></span> <span class='ocrx_word' id='word_1_256' title='bbox 711 3495 751 3559; x_wconf 79' lang='grc' dir='ltr'>τά</span> <span class='ocrx_word' id='word_1_257' title='bbox 771 3495 899 3562; x_wconf 66' lang='lat' dir='ltr'>Marna</span> <span class='ocrx_word' id='word_1_258' title='bbox 915 3498 1074 3573; x_wconf 78' lang='lat' dir='ltr'>Mannum</span> <span class='ocrx_word' id='word_1_259' title='bbox 1095 3501 1177 3563; x_wconf 83' lang='lat' dir='ltr'>conii·</span> 
     </span>
     <span class='ocr_line' id='line_1_33' title="bbox 125 3596 1178 3684; baseline -0.006 -20"><span class='ocrx_word' id='word_1_260' title='bbox 125 3622 214 3679; x_wconf 80' lang='lat' dir='ltr'>neres,</span> <span class='ocrx_word' id='word_1_261' title='bbox 238 3601 271 3661; x_wconf 94' lang='lat' dir='ltr'>in</span> <span class='ocrx_word' id='word_1_262' title='bbox 292 3620 387 3684; x_wconf 89' lang='lat' dir='ltr'>quam</span> <span class='ocrx_word' id='word_1_263' title='bbox 402 3596 494 3660; x_wconf 83' lang='lat' dir='ltr'>Deus</span> <span class='ocrx_word' id='word_1_264' title='bbox 516 3598 658 3659; x_wconf 86' lang='lat' dir='ltr'>iusserat</span> <span class='ocrx_word' id='word_1_265' title='bbox 680 3600 862 3680; x_wconf 88' lang='lat' dir='ltr'>portionem</span> <span class='ocrx_word' id='word_1_266' title='bbox 885 3599 1033 3662; x_wconf 89' lang='lat' dir='ltr'>diurnam</span> <span class='ocrx_word' id='word_1_267' title='bbox 1054 3599 1178 3664; x_wconf 75' lang='lat' dir='ltr'>Maniae</span> 
     </span>
     <span class='ocr_line' id='line_1_34' title="bbox 125 3697 1178 3785; baseline -0.003 -21"><span class='ocrx_word' id='word_1_268' title='bbox 125 3702 275 3780; x_wconf 88' lang='lat' dir='ltr'>condere,</span> <span class='ocrx_word' id='word_1_269' title='bbox 298 3710 333 3761; x_wconf 94' lang='lat' dir='ltr'>ut</span> <span class='ocrx_word' id='word_1_270' title='bbox 345 3701 385 3761; x_wconf 92' lang='lat' dir='ltr'>in.</span> <span class='ocrx_word' id='word_1_271' title='bbox 395 3697 604 3761; x_wconf 86' lang='lat' dir='ltr'>tabernaculo</span> <span class='ocrx_word' id='word_1_272' title='bbox 624 3712 855 3781; x_wconf 87' lang='lat' dir='ltr'>asservaretur,</span> <span class='ocrx_word' id='word_1_273' title='bbox 870 3703 902 3762; x_wconf 93' lang='lat' dir='ltr'>in</span> <span class='ocrx_word' id='word_1_274' title='bbox 918 3700 1108 3764; x_wconf 89' lang='lat' dir='ltr'>memoriam</span> <span class='ocrx_word' id='word_1_275' title='bbox 1115 3719 1178 3785; x_wconf 90' lang='lat' dir='ltr'>pro-</span> 
     </span>
     <span class='ocr_line' id='line_1_35' title="bbox 123 3797 1177 3886; baseline -0.003 -22"><span class='ocrx_word' id='word_1_276' title='bbox 123 3801 218 3864; x_wconf 90' lang='lat' dir='ltr'>vidae</span> <span class='ocrx_word' id='word_1_277' title='bbox 233 3799 298 3864; x_wconf 90' lang='lat' dir='ltr'>Dei</span> <span class='ocrx_word' id='word_1_278' title='bbox 316 3820 421 3879; x_wconf 88' lang='lat' dir='ltr'>curae,</span> <span class='ocrx_word' id='word_1_279' title='bbox 444 3822 507 3885; x_wconf 93' lang='lat' dir='ltr'>qua</span> <span class='ocrx_word' id='word_1_280' title='bbox 528 3797 621 3885; x_wconf 89' lang='lat' dir='ltr'>Deus</span> <span class='ocrx_word' id='word_1_281' title='bbox 645 3798 813 3863; x_wconf 87' lang='lat' dir='ltr'>Israelitas</span> <span class='ocrx_word' id='word_1_282' title='bbox 837 3803 872 3862; x_wconf 94' lang='lat' dir='ltr'>in</span> <span class='ocrx_word' id='word_1_283' title='bbox 891 3799 1024 3863; x_wconf 87' lang='lat' dir='ltr'>deserto</span> <span class='ocrx_word' id='word_1_284' title='bbox 1049 3798 1177 3886; x_wconf 90' lang='lat' dir='ltr'>comple·</span> 
     </span>
     <span class='ocr_line' id='line_1_36' title="bbox 122 3898 1177 3984; baseline -0.002 -20"><span class='ocrx_word' id='word_1_285' title='bbox 122 3923 188 3966; x_wconf 89' lang='lat' dir='ltr'>xus</span> <span class='ocrx_word' id='word_1_286' title='bbox 210 3903 316 3965; x_wconf 86' lang='lat' dir='ltr'>fuerat</span> <span class='ocrx_word' id='word_1_287' title='bbox 335 3901 400 3965; x_wconf 88' lang='lat' dir='ltr'>Ex.</span> <span class='ocrx_word' id='word_1_288' title='bbox 425 3905 476 3964; x_wconf 93' lang='grc'>16.</span> <span class='ocrx_word' id='word_1_289' title='bbox 498 3898 594 3962; x_wconf 93' lang='lat' dir='ltr'>Philo</span> <span class='ocrx_word' id='word_1_290' title='bbox 616 3899 691 3963; x_wconf 92' lang='lat' dir='ltr'>Lib.</span> <span class='ocrx_word' id='word_1_291' title='bbox 717 3901 756 3962; x_wconf 93' lang='lat' dir='ltr'>de</span> <span class='ocrx_word' id='word_1_292' title='bbox 779 3922 889 3984; x_wconf 85' lang='lat' dir='ltr'>congr.</span> <span class='ocrx_word' id='word_1_293' title='bbox 913 3921 1037 3984; x_wconf 88' lang='lat' dir='ltr'>quaer..</span> <span class='ocrx_word' id='word_1_294' title='bbox 1052 3900 1138 3964; x_wconf 90' lang='lat' dir='ltr'>erud.</span> <span class='ocrx_word' id='word_1_295' title='bbox 1151 3921 1177 3983; x_wconf 81' lang='lat' dir='ltr'>p·</span> 
     </span>
     <span class='ocr_line' id='line_1_37' title="bbox 120 3996 1178 4090; baseline -0.002 -24"><span class='ocrx_word' id='word_1_296' title='bbox 120 4009 195 4066; x_wconf 88' lang='grc'><strong>438.</strong></span> <span class='ocrx_word' id='word_1_297' title='bbox 215 4001 258 4067; x_wconf 91' lang='lat' dir='ltr'>D.</span> <span class='ocrx_word' id='word_1_298' title='bbox 281 4001 341 4080; x_wconf 80' lang='grc' dir='ltr'><em>τῆς</em></span> <span class='ocrx_word' id='word_1_299' title='bbox 364 3996 520 4084; x_wconf 82' lang='grc' dir='ltr'><em>οὐρανίου</em></span> <span class='ocrx_word' id='word_1_300' title='bbox 542 4003 600 4063; x_wconf 84' lang='grc' dir='ltr'>καὶ</span> <span class='ocrx_word' id='word_1_301' title='bbox 626 3998 728 4076; x_wconf 75' lang='grc' dir='ltr'><em>θείας</em></span> <span class='ocrx_word' id='word_1_302' title='bbox 753 4003 884 4090; x_wconf 79' lang='grc' dir='ltr'><em>τροφῆς</em></span> <span class='ocrx_word' id='word_1_303' title='bbox 906 4001 945 4065; x_wconf 80' lang='lat' dir='ltr'>cd</span> <span class='ocrx_word' id='word_1_304' title='bbox 966 4005 1130 4087; x_wconf 81' lang='grc' dir='ltr'><em>μνημεῖον</em></span> <span class='ocrx_word' id='word_1_305' title='bbox 1149 4000 1178 4064; x_wconf 78' lang='grc' dir='ltr'>ἐν</span> 
     </span>
     <span class='ocr_line' id='line_1_38' title="bbox 119 4089 1232 4192; baseline 0 -28"><span class='ocrx_word' id='word_1_306' title='bbox 119 4089 256 4192; x_wconf 75' lang='grc' dir='ltr'><em>στ’άμνῳ</em></span> <span class='ocrx_word' id='word_1_307' title='bbox 275 4105 387 4188; x_wconf 74' lang='grc' dir='ltr'><em>χρυσῷ</em></span> <span class='ocrx_word' id='word_1_308' title='bbox 408 4096 626 4188; x_wconf 70' lang='grc' dir='ltr'><em>καθιὲροῦτο.</em></span> <span class='ocrx_word' id='word_1_309' title='bbox 670 4101 722 4166; x_wconf 91' lang='lat' dir='ltr'>De</span> <span class='ocrx_word' id='word_1_310' title='bbox 744 4123 825 4166; x_wconf 85' lang='lat' dir='ltr'>voce</span> <span class='ocrx_word' id='word_1_311' title='bbox 844 4100 978 4168; x_wconf 87' lang='grc' dir='ltr'><em>Μάννα</em></span> <span class='ocrx_word' id='word_1_312' title='bbox 1010 4104 1177 4191; x_wconf 89' lang='lat' dir='ltr'>disputavi·</span> <span class='ocrx_word' id='word_1_313' title='bbox 1230 4114 1232 4179; x_wconf 75' lang='grc' dir='ltr'>ξ</span> 
     </span>
     <span class='ocr_line' id='line_1_39' title="bbox 119 4194 1232 4287; baseline 0.007 -23"><span class='ocrx_word' id='word_1_314' title='bbox 119 4223 191 4268; x_wconf 89' lang='lat' dir='ltr'>mus</span> <span class='ocrx_word' id='word_1_315' title='bbox 212 4205 253 4269; x_wconf 87' lang='lat' dir='ltr'>ad</span> <span class='ocrx_word' id='word_1_316' title='bbox 274 4203 344 4270; x_wconf 87' lang='lat' dir='ltr'>Ioh.</span> <span class='ocrx_word' id='word_1_317' title='bbox 359 4208 390 4287; x_wconf 86' lang='grc'>5,</span> <span class='ocrx_word' id='word_1_318' title='bbox 407 4210 459 4270; x_wconf 87' lang='grc'>31.</span> <span class='ocrx_word' id='word_1_319' title='bbox 482 4202 524 4270; x_wconf 85' lang='lat' dir='ltr'>cf.</span> <span class='ocrx_word' id='word_1_320' title='bbox 547 4207 645 4271; x_wconf 85' lang='lat' dir='ltr'>etiam</span> <span class='ocrx_word' id='word_1_321' title='bbox 670 4208 827 4274; x_wconf 80' lang='lat' dir='ltr'>Oedrnnni</span> <span class='ocrx_word' id='word_1_322' title='bbox 846 4206 1041 4276; x_wconf 66' lang='lat' dir='ltr'>versicolore</span> <span class='ocrx_word' id='word_1_323' title='bbox 1068 4205 1178 4276; x_wconf 71' lang='lat' dir='ltr'>sans·</span> <span class='ocrx_word' id='word_1_324' title='bbox 1230 4194 1232 4255; x_wconf 68' lang='grc' dir='ltr'>ῗ</span> 
     </span>
    </p>
   </div>
   <div class='ocr_carea' id='block_1_3' title="bbox 0 0 1320 4740">
    <p class='ocr_par' dir='ltr' id='par_1_3' title="bbox 0 0 1320 4740">
     <span class='ocr_line' id='line_1_40' title="bbox 0 0 1320 4740; baseline 0 13"><span class='ocrx_word' id='word_1_325' title='bbox 0 0 1320 4740; x_wconf 95' lang='lat' dir='ltr'> </span> 
     </span>
    </p>
   </div>
  </div>
 </body>
</html>
