2604 4746
277 146 282 187 ·.
326 99 489 179 Cneur
514 104 637 179 v111.
671 112 796 181 ν.12.
826 113 882 182 13.
1047 44 1128 190 Ι277

46 323 51 333 ,
100 270 283 352 pecatorum,
301 291 378 335 cum
394 292 435 335 ea
453 249 518 334 nou
533 273 636 358 punit,
664 271 750 336 fleat
763 277 986 358 adproperata
1008 279 1051 340 ns
1075 280 1131 364 qui

79 388 83 393 ·
101 385 125 427 eo
135 366 331 450 committunt,
341 391 413 435 cum
423 391 535 434 eorum
548 373 677 437 veniam
689 368 844 435 concedit.
888 370 1012 440 Eodem
1027 398 1126 441 sensu

97 460 149 546 boec
161 464 297 532 formula
312 469 454 534 adhibita
468 483 560 534 extat
576 473 771 536 inversione
787 469 913 537 Graeca
929 474 992 539 Ier.
1007 482 1058 557 31,
1073 482 1125 540 34.

12 574 14 579 ’
97 564 200 651 Illegg.
213 573 243 647 8,
258 575 310 636 34.
325 584 357 634 ct
372 577 391 635 2
408 569 512 635 Maec.
531 579 562 652 2,
578 575 612 637 7.
629 569 742 637 Verba
757 572 816 635 καὶ
831 572 1053 661 edecimatae
1066 575 1124 640 αύ-

12 669 33 707 '1
63 736 70 753 Ι
95 662 134 730 ιῶν
149 689 252 754 neque
265 671 301 733 in
321 683 413 735 textu
433 670 609 753 Hebraico,
632 693 736 758 neque
757 674 792 735 in
811 674 961 736 versione
977 673 1123 739 Alexan·

17 836 37 845 ..
70 766 156 832 *lina
175 769 342 855 leguntur,
365 774 462 839 etiam
482 771 515 840 h.
534 770 558 836 l.
582 774 618 835 in
639 771 735 835 codd
754 771 898 846 nonnull.
917 773 1123 840 librariorum

89 869 185 935 incuria
192 917 204 952 ,
227 869 270 936 ob
293 866 497 958 praecedens¹
515 869 637 958 aderit,
658 884 693 936 ut
712 885 802 938 recte
823 873 978 938 iudicavit
997 875 1122 942 Milltue

11 957 28 1047 '.
87 967 211 1059 Prolegg.
234 979 308 1040 495.
333 986 366 1037 et
385 977 421 1037 in
440 993 528 1038 vers.
551 970 652 1058 vulg.
673 973 747 1057 Syr.
769 972 864 1058 copo
888 973 983 1043 Aeth.
1000 977 1121 1039 omissa
1182 1017 1185 1021 ·

86 1084 144 1136 unt,
187 1074 256 1138 Sed
277 1075 424 1160 scriptor,
447 1076 502 1160 qui
519 1075 705 1137 memoriter
723 1070 831 1140 locum
849 1071 1011 1157 laudavit,
1038 1074 1121 1140 haec
1208 1138 1210 1145 s

12 1182 38 1247 ‘j
86 1171 161 1237 urba
184 1173 321 1257 addidit,
342 1185 377 1236 ut
402 1178 453 1256 10,
474 1177 523 1238 17.
546 1172 615 1260 (ubi
630 1173 719 1263 nulla
741 1174 891 1239 lectionis
908 1177 1062 1260 varietas)
1079 1177 1120 1240 ad

25 1338 30 1347 ,
84 1292 129 1336 ren
144 1275 334 1360 augendam,
355 1285 391 1336 ut
402 1273 554 1360 quicquid
568 1288 657 1343 esset
673 1280 800 1362 peccati
813 1279 849 1342 iu
862 1279 1049 1345 universum
1063 1277 1118 1340 de-

84 1375 212 1459 signaret.

11 1458 26 1554 ’ζ
76 1483 78 1490 “
141 1482 190 1541 13.
212 1473 249 1542 ἓν
262 1475 307 1564 τῷ
320 1472 427 1557 λέγειν
446 1472 566 1553 καινήν
581 1473 653 1545 colb
669 1491 700 1550 r.
717 1481 747 1542 8.
768 1486 852 1541 extr.
873 1474 1038 1542 σαλαιοῦν
1057 1498 1167 1564 noa·

20 1568 29 1599 ²
81 1584 119 1640 uc
137 1566 350 1643 inveteratam
369 1577 506 1641 reddere
526 1573 557 1638 Ιι.
577 1578 596 1639 l.
614 1582 828 1641 inveteratam
853 1577 1034 1660 declarare,
1048 1577 1117 1654 fdr

11 1750 13 1767 Ι
80 1679 198 1744 teraltet
225 1680 373 1742 erklarea
394 1675 426 1740 h.
451 1698 479 1739 e.
505 1676 535 1737 si
562 1697 678 1745 sensus
709 1678 791 1740 ratio
815 1673 965 1759 habetur,
986 1676 1115 1743 abolea-

10 1774 27 1800 b
80 1778 144 1860 lca,
159 1768 311 1858 abolitam
324 1783 382 1854 ta,
403 1778 593 1853 declaravit,
615 1772 728 1840 Verba
743 1777 828 1838 enim
849 1797 930 1862 quae
955 1779 1115 1842 actionem

10 1889 13 1897 ·
27 1888 35 1901 ’
79 1877 205 1959 Indicant,
216 1881 346 1964 saepius
359 1877 399 1941 de
417 1875 553 1940 actionis
566 1873 783 1938 declaratione
796 1889 958 1959 ponuntur
970 1898 1001 1941 v.
1018 1877 1114 1943 Glae-

10 1964 24 1991 ⁷
79 1978 217 2044 atl'hil.
232 1979 265 2044 S.
279 2002 312 2063 p.
327 1984 398 2044 219.
422 1989 457 2040 et
473 1998 555 2062 quae
576 1979 757 2040 notavimus
776 1975 816 2039 ad
829 1974 903 2050 Act.
920 1981 971 2057 10,
987 1983 1037 2042 15.
1057 1978 1114 2043 ubi
1156 2005 1159 2011 ·

10 2069 16 2102 ·’
78 2156 81 2161 Ι
121 2076 240 2166 deinter
261 2079 352 2144 reddi
375 2075 485 2147 <leben
508 2095 598 2161 petra
621 2079 810 2152 declaravit,
858 2075 1029 2141 Passivrua
1049 2101 1114 2142 aa·

74 2166 241 2244 ¹lacricdac
257 2177 617 2264 significattaceterart,
639 2187 842 2242 veterascere
857 2189 894 2239 ut
910 2183 940 2258 1,
959 2183 1010 2240 11.
1031 2177 1112 2242 Luc.

80 2283 111 2358 11,
126 2287 171 2346 33.
194 2265 293 2345 vt'tr
318 2277 565 2364 παλαιούμενον
590 2277 647 2341 καὶ
669 2272 852 2365 γηράμμον,
873 2272 970 2361 ἐγγύς
988 2274 1113 2365 οἷφανι-

80 2384 148 2464 σμοῦ]
162 2364 247 2468 qaod
261 2391 367 2445 autem
380 2366 561 2445 veteratum
580 2389 677 2444 estet
692 2383 867 2458 conseruate,
890 2380 935 2444 ad
947 2385 1113 2446 interitum

80 2490 180 2564 aget„
210 2480 320 2544 Locus
334 2481 520 2559 communis,
549 2475 695 2542 Verbum
711 2475 885 2564 γηράσκον
900 2479 1017 2542 adiecit
1032 2484 1112 2546 scri·
1167 2551 1169 2555 Α

19 2648 25 2653 ,
79 2590 137 2662 plor,
156 2591 190 2643 ut
204 2580 385 2644 accuratius
400 2583 467 2644 va
486 2578 580 2645 verbi
594 2571 843 2662 παλαιούμενον
862 2577 1025 2661 definiret:
1046 2605 1111 2647 ιοαι

24 2693 32 2706 ·
81 2677 133 2746 aler
145 2683 305 2746 ceraltert
320 2681 387 2745 aad
401 2700 461 2744 cor
474 2680 574 2745 Alter
590 2678 732 2745 eclaacl
746 2682 914 2761 gewordea
927 2686 982 2745 tet.
1006 2680 1112 2765 Supra

81 2779 149 2856 I,18.
168 2780 228 2845 lex
244 2779 330 2844 dicta
346 2776 758 2860 erata'odemietmbeetlla,
780 2776 920 2858 infirma.
963 2777 1110 2848 Verbum
1145 2812 1148 2819 ·

17 2896 43 2925 -··
82 2891 156 2944 utem
167 2879 354 2966 γηράσκειν
365 2904 425 2967 per
436 2879 657 2965 metaphoram
673 2881 712 2943 de
732 2877 883 2965 omnibus¹
899 2877 997 2949 rebus
1013 2904 1108 2946 usur-

9 2979 17 3009 l
80 2995 155 3064 petor,
176 3002 259 3070 qaae
285 2988 371 3046 reato
393 2980 622 3062 conficiantur,
645 2982 700 3061 ita,
722 2989 756 3040 ut
777 2990 866 3041 notet
891 2981 995 3063 vires,
1016 3006 1122 3069 opes„

9 3116 28 3163 ι.
81 3084 273 3148 rudoritatem
299 3084 446 3147 amittere
471 3103 503 3151 v.
525 3064 711 3147 Itbtscbtae
738 3079 779 3142 ad
803 3077 1036 3170 Herodem.
1055 3090 1105 3149 15.
1135 3141 1141 3160 ,

21 3173 27 3181 ’
81 3173 313 3268 len.Agcs.1,
338 3189 388 3248 14.
424 3172 527 3262 ἡτοῦ
544 3179 698 3266 σώματος
717 3174 809 3264 ἰσχύς
835 3177 1006 3265 γηράσκει.
1038 3183 1106 3247 Cic.

9 3272 220 3380 ῑξ1α223.
242 3303 348 3377 canes
362 3285 447 3348 tlltue
458 3289 567 3368 partie
579 3289 727 3346 auctores
742 3286 839 3345 ettam
853 3284 940 3347 dallo
952 3285 1107 3350 adversa-

78 3385 373 3450 n'oconeeaeecere'i
391 3407 420 3448 e.
435 3385 501 3448 vim
516 3382 787 3447 etauctoritatem
806 3383 962 3446 amittere.
1006 3381 1106 3447 Tusc.

9 3484 29 3572 ζ
77 3482 132 3559 II
149 3494 315 3551 oratorum
340 3487 461 3570 quidem
481 3488 553 3550 taos
572 3489 624 3547 tta
645 3485 743 3549 dacto
763 3480 803 3546 ab
825 3481 937 3547 ΙιιινιιἹι·
954 3489 1040 3546 ceatt
1064 3485 1109 3550 ad

8 3570 25 3609 '²
74 3599 206 3665 ιιιιιιιιιιι,
225 3595 264 3650 ut
277 3592 341 3651 ιάιιι
354 3621 397 3633 -
411 3595 574 3667 eeaetcat,
596 3584 742 3668 brevique
757 3591 897 3667 tempore
918 3584 963 3647 ad
977 3581 1106 3647 attilam

73 3695 186 3752 autera
204 3687 364 3752 videnter.
392 3685 476 3769 Epp.
493 3685 540 3763 ad
559 3682 637 3750 Div.
660 3688 691 3763 7,
712 3687 764 3746 26.
792 3689 985 3748 senescentis
1007 3684 1112 3751 morli

8 3820 17 3837 ι
68 3792 201 3852 renunc.
232 3782 331 3870 ἐγγύς
358 3783 553 3850 construitur
579 3807 651 3848 cum
679 3783 821 3868 genitivo
849 3793 1000 3868 utsupra
1021 3789 1053 3865 6,
1075 3792 1107 3851 8.

9 3912 15 3919 -
67 3881 109 3948 ubi
126 3907 157 3950 ν.
172 3884 258 3952 Voc.
270 3882 460 3974 ἀφανισμός
482 3885 567 3972 quod
587 3888 626 3949 in
643 3882 686 3949 N·
709 3880 748 3947 Τ.
768 3881 830 3946 hoc
851 3881 955 3946 solum
967 3880 1040 3947 loco
1059 3884 1122 3950 le··

65 3988 148 4072 gitur,
170 3984 231 4053 sed
244 3989 279 4052 iu
291 4008 376 4053 vers.
391 3984 488 4054 Alex.
512 3987 642 4074 saepius
662 3984 808 4065 recurrit,
830 3981 1041 4067 abolitionem,
1061 3992 1109 4052 ιά-
