2604 4746
351 263 371 325 -’
400 255 560 365 cinci·
591 291 660 366 lv.
692 315 731 366 v.
757 299 792 368 ν.
819 302 854 367 3.
1082 301 1153 407 me

64 455 229 537 θέντας,
248 454 336 539 μηδὲ
348 450 652 541 συμφρονήσαντας
665 452 724 518 δια
738 458 797 536 τῆς
811 454 952 532 πίστεως
966 461 1037 532 ταῖς
1049 453 1151 523 duod·

63 579 205 638 σασιν,
235 554 315 620 ἀλλ’
333 551 592 641 α’ποῤῥαγὲντας
610 551 719 621 αὐτῶν
737 580 801 624 teon
820 567 1020 639 coniunctae,
1049 581 1150 645 nepeta

61 665 322 724 consentienter
342 676 404 742 per
417 654 522 733 fidem
543 678 611 722 αισι
639 657 850 739 audientibus,
873 662 932 725 red
950 661 1087 725 σιὐυῖισι
1108 657 1149 724 ad

60 763 146 824 illae.
198 756 365 844 Equidem
379 758 415 818 in
429 777 541 822 eorum
553 768 663 843 partes
678 755 822 838 discedo,
844 762 900 846 qui
918 759 1086 844 vulgarem
1099 756 1147 822 le·

61 860 225 921 ctionem
236 854 507 941 συγκεκραμὲνος
519 857 720 923 retinendam
734 870 877 922 censent.
904 857 1047 924 Primum
1061 861 1148 924 enim

58 981 106 1022 ea
128 959 226 1021 satis
250 957 451 1022 commodum
473 971 605 1021 sensum
620 957 772 1041 praebet3
796 960 919 1023 accedit
941 960 1027 1046 qnod
1046 957 1146 1045 paulo

56 1057 278 1124 insolentior‘
298 1070 365 1140 ent,
385 1056 536 1123 usitatius
555 1059 642 1123 enim
662 1055 953 1146 συγκεράννυσθαι
972 1060 1012 1124 de
1032 1080 1145 1144 pereo·

58 1161 118 1223 nie
140 1159 214 1242 (m,
228 1157 427 1227 Wetetcm'ue
444 1159 487 1221 ad
503 1157 537 1222 h.
553 1157 592 1243 l.)
610 1180 705 1245 qnam
726 1160 766 1223 de
784 1157 883 1223 rebus
903 1158 1033 1240 dicitnr,
1061 1180 1144 1245 quae

57 1275 195 1324 caussa
211 1258 384 1323 mutandae
403 1256 551 1323 lectionis
568 1281 642 1324 osee
661 1262 777 1345 potuit,
798 1270 969 1345 praeterea
987 1261 1084 1323 etiam
1102 1256 1144 1325 ob

57 1359 284 1446 praecedens
296 1354 455 1434 ,ἐκείνους
480 1357 578 1423 facile
599 1358 700 1425 scribi
720 1362 824 1446 potuit
845 1358 1143 1447 συγκικραμὲνους.

57 1458 209 1527 Deinde
223 1461 256 1525 ei
270 1457 432 1527 α’κούσασι
453 1462 595 1545 positum
613 1463 769 1545 accipitur
785 1482 845 1545 pro
864 1457 1079 1527 ὑπακούσασι
1095 1462 1142 1525 dt'·

60 1573 118 1629 cto
140 1559 379 1640 obedientibus,
408 1559 474 1624 alia
493 1559 594 1626 verbo
617 1560 786 1625 subiicitur
808 1560 1017 1646 significatio,
1047 1581 1142 1644 quem

61 1686 131 1752 qua
142 1661 277 1747 legitur
290 1666 322 1742 3,
339 1665 455 1727 15.16.
476 1669 509 1741 4,
526 1666 556 1725 7.
571 1660 629 1725 uhi
643 1661 683 1725 de
701 1661 744 1725 iis
766 1661 944 1727 adhibitum
961 1672 1062 1739 extat,
1085 1663 1142 1745 qni
1259 1738 1267 1756 ἱ

61 1765 271 1830 audiverant
293 1763 356 1841 ita,
377 1772 498 1825 utnon
525 1758 708 1835 obedirent3
736 1763 853 1848 quodsi
874 1757 1142 1846 συγκεκραμένος
1182 1783 1185 1788 ·

10 1868 12 1935 ξ
62 1865 206 1952 legitur,
227 1859 364 1926 verbum
375 1858 516 1926 duodece
529 1859 799 1946 significationem
818 1885 838 1926 a
854 1875 966 1927 nostro
983 1861 1139 1926 hactenus

10 1946 14 1989 ²
61 1977 238 2032 servatam
258 1963 386 2026 retinet.
427 1960 578 2048 Denique
599 1963 772 2039 manifesto
797 1962 861 2028 eibi
883 1974 1087 2049 opponuntur
1106 1960 1140 2025 οἱ
1189 2030 1193 2045 Ι,

64 2066 286 2140 ἀκούσαντες
300 2073 333 2126 et
346 2061 379 2127 οἱ
392 2054 643 2143 πιστεύσαντες,
655 2074 688 2126 et
703 2063 941 2148 distinguuntur
956 2066 982 2128 ii
996 2065 1054 2151 qui
1066 2075 1138 2125 tan·
1228 2116 1232 2125 .

62 2182 133 2234 tum
146 2165 357 2244 audiverunt,
378 2161 418 2226 ab
431 2164 475 2226 iis
488 2164 543 2250 qui
556 2163 674 2227 auditis
688 2161 786 2229 iidem
798 2162 989 2227 habuerunt.

151 2273 188 2332 3.
211 2285 285 2352 sqq.
303 2262 411 2328 Locus
435 2263 605 2346 obscurus,
625 2267 743 2349 partim
764 2263 807 2338 ob
822 2265 952 2328 nimiam
967 2263 1136 2347 scriptoria

64 2371 277 2444 brevitatem,
285 2365 339 2450 qui
351 2385 410 2448 pro
424 2372 463 2428 ea
474 2386 541 2450 qua
553 2364 685 2450 vigebat
694 2365 856 2450 cogitandi
866 2364 1032 2430 celeritate
1042 2362 1137 2448 plura
1254 2409 1256 2419 ·

64 2469 204 2548 omittit,
218 2487 239 2529 a
253 2461 428 2528 lectoribus
444 2466 615 2550 cogitando
631 2466 823 2546 adiicienda,
835 2468 952 2550 partim
966 2464 1008 2530 ob
1025 2464 1137 2550 dispu-¹

10 2598 13 2629 t
63 2570 158 2635 tandi
171 2567 334 2631 rationem
349 2566 593 2630 convenientem
608 2568 651 2648 ei,
674 2588 757 2653 qnae
769 2565 828 2630 illa
841 2576 946 2631 aetate
958 2567 993 2628 in
1013 2563 1135 2629 scholia

10 2664 14 2677 ’
64 2671 266 2737 Indaeorum
278 2663 453 2731 obtinebat.
496 2665 700 2745 Accuratius‚
719 2666 863 2731 breviter
884 2665 1135 2747 tamen‘definit,
1149 2682 1161 2691 ··
1183 2682 1192 2709 ’

63 2790 233 2859 quaenam
248 2764 455 2842 κατάπαυσις
471 2767 531 2832 τοῦ
540 2766 634 2831 Θεοῦ
646 2765 768 2832 Psalmi
780 2767 802 2831 l.
815 2767 837 2831 l.
852 2766 1063 2851 intelligenda
1078 2768 1132 2846 eit,

10 2922 12 2931 .
64 2891 191 2956 nempe
202 2871 307 2957 quiea,
321 2865 473 2948 felicitae,
487 2866 604 2931 similia
620 2870 666 2947 ei,
683 2890 747 2954 qua
761 2865 855 2932 Deus
866 2868 1058 2953 perfruatur,
1080 2865 1133 2930 Ad

63 2975 148 3039 hanc
172 2970 314 3056 quietem
338 2980 554 3053 perventurae
575 2990 650 3034 cese
671 2969 765 3032 docet
786 2969 979 3033 christianos
1001 2966 1076 3031 Deo
1100 2978 1132 3028 et

64 3074 201 3140 Christo
216 3066 314 3133 fidem
329 3067 498 3150 habentes,
518 3082 593 3154 poet
609 3068 793 3133 exantlatos
815 3069 912 3133 huius
933 3070 1020 3131 vitae
1037 3065 1130 3130 labo·

10 3190 13 3223 ¹
64 3194 124 3241 ree·
138 3184 174 3237 et
187 3191 357 3235 aerumnae
370 3168 475 3254 Apoc.
492 3176 543 3250 14,
560 3156 682 3235 inubi
697 3170 827 3235 Christo
849 3169 968 3233 addicti
983 3170 1131 3234 dicuntur

61 3282 290 3368 postmortem
302 3267 545 3336 α’ναπαὺεσθαι
564 3270 602 3336 ἐκ
624 3272 688 3336 ’τῶν
709 3269 822 3337 κόπων
842 3268 960 3336 αὐτῶν.
981 3270 1128 3354 Sapient.

64 3385 97 3456 4,
110 3380 144 3440 t.
166 3369 300 3455 δίκαιος
312 3371 372 3437 ἐὰν
387 3369 513 3463 φθάσῃ
530 3372 741 3450 τελευτῆσαι,
762 3371 798 3438 ἐν
817 3369 1007 3437 ἀναπαύσει
1023 3367 1129 3437 ἔσται.
1167 3410 1168 3413 =

65 3477 244 3561 Comparat
261 3484 368 3538 antem
391 3474 543 3558 quietem,
565 3471 761 3538 felicitatem
777 3473 960 3537 christianis
978 3473 1012 3534 in
1034 3468 1127 3535 coelo

67 3576 331 3664 exspectandam,
353 3595 426 3637 cum
447 3574 554 3660 quiete
575 3573 643 3638 Dei
661 3574 753 3645 finita
773 3576 935 3637 creatione
954 3595 986 3637 v.
998 3581 1030 3634 4.
1054 3593 1129 3634 cum

10 3720 12 3743 t
68 3678 221 3757 abban,
242 3687 274 3741 et
291 3670 532 3759 σαββατισμὸν
551 3689 646 3738 vocat
659 3696 690 3738 v.
707 3683 738 3740 9.
756 3681 806 3739 10.
826 3677 976 3762 quoniam
989 3672 1127 3736 Iudaeo-

10 3774 14 3871 }
69 3802 137 3844 rum
152 3778 299 3863 magistri
313 3773 486 3840 sabbatum
500 3776 675 3860 imaginem
689 3797 762 3838 enee
781 3774 930 3838 dicebant
940 3773 1040 3835 futmi
1052 3783 1128 3856 post

10 3892 14 3953 ¹.
69 3881 338 3944 resurrectionem
351 3888 549 3942 mortuormn
563 3873 675 3938 seculi.
718 3873 966 3939 lalkutRnbeni
984 3874 1009 3936 f.
1022 3879 1075 3939 95.
1093 3881 1125 3938 4.

71 3984 227 4048 taceant
245 3980 444 4046 Ietaeletae:
472 3978 855 4056 antecantamenta
884 3978 1014 4041 oriende
1037 3971 1127 4039 cotta

70 4082 218 4165 δεῖγμα
237 4077 482 4154 uundtfuturt’.
524 4080 702 4164 Recpondtt
720 4083 798 4164 t'pee'a
819 4076 911 4142 Deua
936 4073 971 4141 S.
990 4074 1029 4139 Β.
1047 4076 1129 4141 illud

73 4185 297 4270 exemplarent
312 4177 485 4246 sabbatam.
528 4177 626 4245 Plura
643 4179 716 4246 loca
734 4179 893 4264 ascriptis
907 4174 1127 4244 Rabbinorum
