2604 4746
114 294 190 366 422
406 250 594 367 cursu
619 287 694 362 XI.
715 311 766 364 v.
792 296 853 370 21.
926 304 930 309 ·

115 463 209 521 ratus
220 461 280 519 est.
301 466 305 477 ’
322 448 396 515 Ηοι
411 452 446 515 in
460 448 534 515 loco
549 450 743 537 explicando
760 452 962 517 desudarunt
972 450 1149 541 interpretes.

118 552 249 618 Scilicet
265 554 412 616 desumto
431 563 506 615 sunt
529 550 611 615 haec
628 552 731 617 verba
746 574 893 618 ers-vers.
905 551 1008 618 Alex.
1027 544 1152 633 (lenti,

117 660 169 719 3-1.
192 654 248 717 ubi
267 652 406 717 Iacobus
428 651 617 738 perhibetur
638 675 658 716 a
678 652 820 738 Iosepho
839 652 1039 740 postulasse,
1058 655 1154 718 iureiu-
1199 670 1202 679 ·

117 754 218 818 raudo
242 754 447 838 interposito,
468 763 505 815 ut
524 751 630 837 ipsum
654 756 689 818 in
714 767 802 818 terra
821 752 998 844 Cananaea
1019 752 1154 839 sepelien·
1200 806 1202 813 .

69 916 76 923 .
118 856 194 919 dum
209 866 347 920 curaret.
388 850 504 939 Neque
530 853 565 914 in
585 853 678 917 textu
697 852 862 918 Hebraico
885 853 1008 940 legitur
1030 861 1102 942 itinn,
1113 852 1155 918 lc·
1190 852 1199 915 .‘

1 940 3 945 ⁵
119 958 219 1034 culus,
240 952 383 1041 ῥάβδος,
411 964 448 1016 nt
470 950 686 1027 Alexandrini
704 953 818 1029 Iudaei
839 952 1002 1040 legerunt,
1025 933 1081 1018 scd
1097 964 1194 1018 nnn

49 1092 52 1105 ·
120 1058 237 1148 lectur,
256 1054 365 1132 κλίνη,
386 1075 468 1140 quae
482 1073 561 1116 vera
581 1050 679 1119 lectio
694 1065 754 1135 est,
777 1074 874 1140 quam
893 1057 993 1119 etiam
1013 1056 1155 1118 versiones

122 1158 272 1240 antiquae
286 1165 424 1218 tuentur.
467 1132 679 1236 Symmachus
704 1157 790 1218 enim
813 1153 915 1218 verba
933 1152 1096 1223 Hebraico
1115 1173 1157 1216 ιι·

121 1257 257 1342 pressit.
278 1253 333 1319 iul
354 1255 395 1319 τὸ
416 1276 523 1340 ακρον
544 1253 602 1331 τῆς
623 1249 743 1332 κλίνης.
785 1253 925 1341 Aquila.
954 1255 1009 1320 ἐπὶ
1031 1249 1202 1344 κεφαλὴν

123 1358 184 1433 τῆς
208 1354 333 1431 κλίνης.
376 1351 557 1438 Vulgatus:
578 1355 728 1419 adoram
750 1355 858 1420 Decus
879 1377 1052 1422 conuersas
1072 1358 1111 1422 od
1128 1350 1202 1420 lc·
1199 1378 1202 1435 ;

123 1460 204 1521 cicli
217 1465 326 1541 caput.
370 1453 493 1516 Sensus
507 1450 680 1517 verborum
694 1453 777 1520 Gen.
790 1453 815 1520 l.
829 1453 853 1519 l.
867 1467 991 1520 uteum
1004 1455 1085 1520 beno
1102 1475 1158 1518 con·
1198 1444 1202 1515 l

124 1557 226 1620 stituit
255 1555 515 1619 Roseammlerm
537 1565 605 1617 est:
624 1553 795 1637 .'Iacobus,
831 1557 888 1643 qui
908 1578 988 1641 prae
1000 1556 1158 1619 ¹senectutis

122 1653 343 1719 imbecillitate
365 1652 508 1718 inlecto
531 1665 619 1734 erat,
639 1657 719 1719 'cnm
743 1657 775 1719 ei
791 1655 952 1742 Iosephus
975 1655 1158 1725 iureiurando

123 1756 338 1839 promisisset,
361 1775 397 1819 se
418 1752 506 1817 velle
530 1762 654 1835 curare,
671 1768 707 1818 nt
725 1769 871 1835 mortuns
882 1790 885 1795 ·
896 1777 942 1822 ox
957 1754 1103 1842 Aegypto
1120 1746 1160 1817 de·

124 1868 320 1942 portaretur,
342 1864 376 1917 et
399 1854 434 1917 iri
457 1857 615 1919 maiorum
637 1842 785 1940 sepulcro
806 1855 1012 1942 sepeliretur,
1035 1853 1160 1936 cervical

127 1977 186 2019 suo
210 1954 367 2035 incubuit,
388 1955 541 2018 utendo
565 1974 613 2035 re,
634 1954 820 2042 depromta
841 1956 984 2042 Iosephi⁸
1000 1959 1161 2044 sponsione,

126 2059 250 2142 gratias
279 2066 401 2141 ageret.
444 2053 511 2118 Sed
533 2054 635 2119 verba
657 2059 767 2140 priora
792 2055 889 2121 huius
909 2057 1064 2122 versiculi
1082 2057 1161 2142 respi·
1200 2136 1202 2145 Ι

128 2161 214 2221 ciunt
232 2156 341 2224 locum
358 2155 441 2220 Gen.
455 2162 509 2236 48,
527 2161 578 2221 15.
600 2154 648 2220 ibi
668 2171 775 2222 autem
787 2177 853 2220 non
867 2172 1073 2241 memoratur,
1092 2159 1160 2223 lace·
1200 2164 1202 2171 '

127 2258 223 2353 bum,
249 2270 419 2343 postquam
441 2253 576 2340 Iosephi
595 2255 677 2321 filiis
700 2255 786 2322 bona
811 2273 1005 2342 apprecatur
1032 2273 1122 2340 esset,
1138 2279 1161 2321 so

44 2389 49 2400 ¹
127 2361 304 2424 reclinasse
323 2378 440 2421 versus
457 2356 622 2440 cuspidem
635 2355 744 2450 baculi
759 2359 821 2420 sni.
864 2358 954 2444 Ergo
970 2360 1037 2425 alia
1055 2377 1162 2448 prorsu

129 2456 300 2524 occasione
329 2456 468 2523 Iacobus
496 2453 717 2542 προσεκύνησε
743 2456 807 2522 ἐπὶ.
825 2455 864 2523 τὸ
883 2456 1013 2545 ι’ίκρον,
1042 2484 1103 2527 non
1122 2458 1164 2537 tlt

127 2558 271 2648 ῥάβδου,
293 2560 351 2622 sed
366 2559 428 2636 τῆς
444 2553 555 2634 κλίνης
569 2552 682 2622 αὐτοῦ.
724 2555 771 2622 Ut
783 2580 829 2622 ex
841 2558 901 2624 hac
915 2560 1099 2626 difficultate
1109 2580 1163 2624 sese
1199 2588 1202 2637 ι

130 2660 340 2725 exsolverent
369 2659 581 2742 interpretes,
616 2659 726 2722 varias
747 2659 820 2735 vias
842 2663 995 2725 inierunt.
1046 2661 1164 2726 Fuerunt
1199 2726 1202 2753 1

130 2763 186 2847 qui
205 2761 364 2842 dicerent,
386 2780 438 2843 ep.
462 2755 625 2821 auctorem
645 2779 789 2839 errasse,
810 2781 870 2844 per
893 2782 1039 2826 errorem
1062 2764 1165 2825 diversa

130 2863 313 2925 miscuisse.
352 2858 422 2924 Alii
457 2880 529 2922 eum
555 2855 637 2920 haec
662 2877 706 2920 ex
730 2861 889 2925 maiorum
909 2863 1080 2926 traditione
1099 2865 1168 2937 inse·¹

131 2964 237 3025 ruisse
258 2972 421 3047 putarunt.
462 2958 622 3039 Bdlmiss,
645 2958 732 3045 quod
751 2973 873 3041 noster,
895 2962 1010 3048 inquit,
1032 2988 1098 3033 rom
1114 2975 1164 3025 ton·
1192 2962 1199 2979 '

133 3085 227 3147 quam
242 3063 285 3125 ad
297 3063 379 3125 hanc
395 3056 550 3144 εὐλογίαν
564 3061 777 3144 pertinentem
793 3065 963 3147 proposuit
981 3064 1059 3147 alio,
1073 3077 1103 3128 et
1116 3060 1165 3149 qui·

85 3231 88 3235 ,
134 3163 207 3225 dem
226 3162 329 3246 priori
355 3174 518 3248 tempore,
541 3161 570 3223 si
588 3150 754 3223 historiam
774 3160 898 3242 audias,
920 3162 1057 3240 factamt
1082 3165 1113 3228 id
1127 3180 1166 3225 an·

135 3262 234 3324 ctoris
246 3260 300 3324 vel
312 3261 468 3342 libertati,
490 3258 546 3324 vel
561 3260 727 3341 audaciae,
748 3263 782 3324 in
798 3263 893 3326 dictis
917 3267 1021 3329 sacris
1038 3266 1078 3330 ad
1097 3277 1166 3327 suun

135 3384 237 3443 usum,
249 3362 545 3442 accommodandis,
566 3350 714 3446 pluribus
736 3364 899 3450 exemplis
923 3368 1110 3452 conspicuae
1127 3360 1167 3424 tri·

137 3463 298 3550 buendurn
311 3465 450 3528 videtur.
484 3461 587 3528 Vario
600 3463 696 3528 modo
711 3466 808 3527 etiam
819 3464 920 3531 verba
936 3471 1010 3553 ipsa
1026 3467 1084 3533 καὶ
1096 3481 1168 3549 ιρις·

38 3566 41 3571 ’
137 3559 298 3644 ικιίνησιν
314 3586 344 3629 κ.
359 3588 388 3630 ι.
404 3565 434 3629 λ.
456 3563 682 3651 explicuerunt
695 3566 900 3651 interpretes.
943 3568 1058 3633 Plures
1072 3590 1107 3632 ea
1117 3583 1168 3629 ver·

138 3678 224 3731 tunt:
248 3669 458 3731 etinclr'euvs't
473 3689 508 3731 re
524 3669 569 3732 ad
581 3679 759 3733 extremum
771 3673 923 3753 sciptum
934 3677 995 3745 set.
1028 3669 1083 3734 Ex
1094 3667 1170 3734 Ηολ·

139 3768 253 3832 richeri·
264 3767 424 3831 sententia
436 3763 519 3829 haec
542 3766 643 3831 verba
661 3788 725 3830 non
747 3766 818 3830 nd
808 3790 914 3852 rpsam
928 3767 1086 3854 εὐλογίαν
1097 3765 1170 3855 porti

140 3879 227 3948 nent,
250 3869 308 3931 sed
323 3866 516 3930 viridiorem
537 3868 633 3932 modo
655 3867 820 3931 reddunt
809 3871 986 3955 unaginem
1009 3870 1170 3957 aegrotiin·
1184 3878 1186 3882 ‘

140 3968 236 4049 firmi,
259 3970 313 4053 qui
328 3951 571 4030 circumstantes
585 3967 795 4050 allocuturus,
815 3967 932 4034 tollere
947 3993 1065 4056 corpus
1078 3994 1096 4035 e
1108 3969 1170 4034 lecto

142 4081 174 4128 et
187 4070 325 4152 scipioni
345 4056 440 4132 inniti
461 4071 597 4153 cogitur.
639 4070 708 4134 Alii
727 4083 917 4151 statuerunt,
939 4076 1122 4157 scriptorem
1136 4066 1172 4131 bit

141 4167 251 4230 verbis
266 4167 399 4238 laudare
412 4167 556 4233 voluisse
570 4167 683 4234 Iacobi
700 4172 866 4236 morientis
885 4171 983 4239 fidem
1003 4185 1035 4238 et
1049 4175 1172 4260 pietaten
