2604 4746
93 264 98 289 ’
204 301 278 374 316
392 268 950 392 Romorrxona:
1044 299 1053 365 ῖ

200 474 369 550 praeterea
387 458 570 527 attributum
586 454 736 545 αἰώνιον,
758 465 889 550 saepius
914 464 955 528 de
971 463 1141 552 prophetis
1158 461 1174 523 i

202 566 317 648 audiri,
337 565 370 629 ot
385 564 554 651 προφῆται
569 559 626 626 ἀπ’
642 560 759 639 αἰῶνος
774 565 854 630 Luc.
871 573 902 647 1,
917 569 969 631 ⁷0.
994 564 1069 628 Act.
1079 571 1110 647 3,
1124 573 1174 631 21.

201 668 231 729 si
244 664 325 728 haec
340 666 507 750 scriptoris
522 684 613 728 mens
627 663 754 745 fuisset,
776 664 871 729 aliter
885 663 969 730 haud
986 663 1085 728 dubie
1106 687 1174 731 eam

180 765 386 853 pressisset,
408 767 503 828 sicuti
521 764 692 828 dilucidius
708 765 836 847 scripsit
851 771 882 845 9,
899 772 930 830 8.
955 765 1054 831 τοῦτο
1076 767 1174 844 dni-oi

201 866 259 932 τοῦ
279 865 471 950 πνεύματος
492 861 597 948 ἁγίου.
656 864 689 948 8)
712 863 769 931 Ex
791 861 957 930 Nocerelti
982 869 1158 952 sententia,

201 965 304 1036 eiusd.
319 965 459 1050 Opuscc.
473 964 611 1029 Fasc-t.
625 986 659 1049 p.
674 970 732 1028 341
753 982 823 1049 sqq.
841 962 973 1048 πνεῦμα
987 959 1123 1032 αἰώνιον
1143 987 1174 1030 es

123 1110 128 1122 «
200 1073 295 1130 ctr'ma
316 1074 484 1131 aeternam
502 1073 560 1131 oros
573 1063 732 1130 dolitura.
775 1061 958 1152 vocabulo,
981 1067 1104 1152 inquit,
1126 1089 1174 1131 πνι

198 1179 234 1232 ut
246 1164 348 1230 Hebr.
363 1175 420 1244 mn
436 1167 544 1230 insunt
558 1165 775 1249 perfectionis,
798 1164 1025 1251 excellentiae,
1047 1167 1172 1231 roboris

199 1271 318 1348 tiones,
341 1267 451 1352 (quam
471 1268 506 1342 in
525 1287 599 1335 rem
619 1264 661 1330 ad
683 1263 778 1332 Pauli
799 1285 891 1333 usum
914 1263 1067 1352 loquendi
1089 1289 1174 1352 prov<

199 1379 233 1431 et
252 1367 285 1430 h.
300 1367 324 1435 l.
344 1368 481 1452 scriptor
502 1386 569 1436 non.
592 1365 688 1433 modo
710 1385 787 1447 rem,
809 1385 903 1450 quam
924 1368 1030 1435 animo
1056 1389 1173 1454 propos

196 1467 337 1532 habebat
353 1468 537 1551 exprimere
550 1461 664 1548 voluit,
685 1467 744 1530 sed
767 1462 867 1530 etiam
883 1468 1085 1555 ree'·modnm‚
1108 1470 1174 1533 adet

142 1585 144 1588 ’
195 1589 263 1634 nou
282 1588 361 1631 usus
383 1574 432 1631 est
453 1564 612 1629 vocabulo
635 1563 760 1648 θυσία,
789 1565 848 1628 sed
870 1568 1013 1651 πνεῦμα,
1042 1581 1079 1634 ut
1100 1571 1174 1632 sacri

197 1667 425 1734 excellentiam
452 1664 547 1729 simul
579 1671 787 1752 exprimeret.
810 1658 922 1730 'Hanc
952 1671 1174 1733 sententiam(

194 1768 347 1854 probavit
369 1779 403 1830 et
421 1766 553 1832 uberius
575 1769 747 1830 exornavit
761 1787 825 1831 oon
842 1769 901 1832 der
912 1765 1003 1833 Boon
1016 1769 1131 1839 Metel
1142 1769 1164 1833 l.

125 1897 128 1903 ·
196 1876 255 1935 101
273 1890 343 1955 sqq.
356 1870 484 1930 nomine
499 1866 685 1951 πνεύματος
698 1866 849 1951 insigniri
865 1879 975 1931 censet
987 1891 1059 1944 eam
1076 1873 1174 1959 rictin

195 1993 278 2056 quae
292 1975 412 2035 aretmos
427 1990 446 2030 a
461 1967 556 2053 culpa
573 1979 605 2031 et
620 1988 726 2052 poena
738 1978 941 2050 peccatorum
965 1967 1094 2053 liberet,
1116 1964 1174 2033 att

194 2082 302 2134 autem
318 2069 446 2153 πνεῦμα
461 2068 525 2130 dici
543 2069 664 2149 statuit,
678 2078 859 2151 propterea,
872 2067 959 2152 quod
971 2077 1101 2135 victima
1118 2093 1138 2134 a
1150 2071 1174 2136 Ἐ

123 2228 127 2238 .
194 2184 245 2241 sto
276 2173 373 2236 semet
397 2178 520 2232 tentum
541 2168 667 2247 obluta,
689 2174 765 2232 sinc.
780 2172 972 2251 repete'tc'one
992 2173 1103 2236 caleat
1125 2173 1171 2237 od

80 2298 85 2307 ·
186 2273 314 2358 pianda
336 2280 491 2356 peccata,
515 2289 555 2332 ac
578 2279 747 2353 praeterea
771 2277 869 2345 notat,
900 2267 1060 2351 epistolae
1075 2283 1174 2335 aucto

192 2393 232 2435 ea
245 2380 441 2455 argumenta,
464 2367 580 2455 quibus
596 2369 636 2432 ad
653 2367 855 2431 indicandam
879 2368 1075 2452 singularem
1096 2375 1174 2434 sacri

192 2493 211 2534 a
228 2468 357 2534 Christo
374 2468 475 2534 oblati
488 2471 719 2554 praestantiam
738 2488 816 2551 prae
837 2468 1004 2533 :sacrificii
1023 2469 1107 2555 legis
1122 2469 1174 2534 Mt

192 2592 249 2634 cae
272 2571 409 2653 sparsim
429 2571 462 2631 in
482 2568 544 2632 hac
565 2567 705 2656 epistola
724 2589 802 2631 usus
820 2569 872 2648 sit,
893 2571 928 2631 in
949 2569 1030 2634 haec
1049 2572 1174 2655 paucist

190 2660 291 2734 verba
314 2666 573 2733 contraxissent
592 2672 811 2734 coniunxisse.
854 2667 940 2732 Huic
962 2690 1040 2733 vero
1055 2667 1098 2733 V.
1113 2669 1157 2734 D.

188 2771 307 2838 tentiae
325 2767 434 2853 (liceat
445 2768 547 2832 verba
566 2768 986 2834 Winterc'Commentat.1.
1006 2770 1046 2833 de
1068 2773 1174 2834 sacer(

95 2940 98 2946 ,
189 2868 306 2952 officio,
325 2871 410 2956 quod
426 2868 555 2933 Christo
569 2871 719 2935 tribuitur
740 2873 775 2933 in
797 2892 849 2954 ep.
866 2869 907 2933 ad
922 2869 1024 2933 Hebr.
1039 2871 1134 2956 Lips
1154 2879 1169 2936 1

187 2980 219 3034 4.
235 2993 268 3055 p.
282 2976 336 3037 15.
351 2993 424 3035 mea
440 2956 561 3054 lacere)
577 2973 691 3037 eadem
703 2993 784 3058 quae
796 2972 869 3055 ipse
884 2973 1037 3056 opposuit
1051 2972 1137 3053 aliis,
1160 2996 1174 3036 r

187 3073 308 3155 opponi
327 3088 427 3155 posse
446 3070 612 3148 videntur3
633 3094 729 3136 unum
753 3071 831 3152 hoc,
861 3072 948 3157 quod
966 3074 1030 3135 ista
1053 3071 1174 3157 πνιύμι

185 3173 409 3256 interpretatio
425 3171 538 3236 abusu
553 3171 684 3257 linguae
699 3171 880 3254 abhorreat,
904 3171 1038 3237 alterum
1052 3172 1125 3253 hoc,
1149 3196 1174 3259 qr

185 3271 243 3342 illa
258 3272 410 3354 admissa,
432 3275 540 3336 inanis
559 3274 679 3337 oriatur
692 3271 871 3356 tautologia
888 3274 1032 3337 eiusdem
1047 3287 1174 3338 sentent

190 3371 339 3441 Christus
360 3396 395 3439 ee
417 3386 568 3460 tanquam
583 3381 742 3439 victimam
762 3373 841 3439 labis
862 3387 1029 3459 expertem
1043 3374 1118 3438 Dco
1133 3376 1174 3440 od.

178 3492 245 3565 per
258 3478 416 3540 victimam
432 3475 569 3541 omnibus
582 3481 719 3541 cremeris
730 3473 917 3553 absolutam,
938 3488 1069 3560 comque
1089 3484 1123 3540 tn
1138 3499 1174 3541 ae

184 3594 258 3645 nram
274 3578 459 3663 volueram.
502 3575 586 3640 Nam
608 3579 637 3638 si
657 3573 708 3637 vel
724 3578 865 3637 maxime
888 3587 1046 3639 statuatur
1069 3577 1174 3662 appell

184 3674 372 3759 ,πνεύματος
382 3676 488 3760 magis
510 3676 551 3739 ad
566 3682 806 3762 praestantiam
826 3673 989 3756 sacrificii,
1011 3699 1108 3761 qnam
1129 3681 1170 3743 ad

185 3772 339 3839 orificium
354 3778 460 3860 ipsum
476 3788 638 3858 spectare,
660 3787 767 3840 tamen
783 3775 945 3852 sacrificii
958 3779 1058 3858 notio,
1082 3800 1164 3866 quae

184 3877 269 3939 inest
289 3878 323 3939 in
345 3873 446 3939 verbo
473 3874 714 3973 προσήνεγκιγ,
750 3898 813 3940 non
837 3876 1029 3942 excluditur.
1071 3878 1174 3943 Praeti

183 3974 283 4060 longe
304 3970 578 4057 durissima'loret
600 3976 735 4042 locutio:
761 3997 825 4064 per
844 3985 1002 4043 ct’ctc'mam
1023 3999 1058 4041 se
1082 3983 1174 4044 victin

185 4072 310 4139 obtulit.
361 4076 531 4143 thtms
555 4077 747 4141 vocabulum
775 4077 903 4160 πνεῦμα
925 4077 965 4139 de
990 4075 1117 4162 Spiritu
1135 4082 1174 4159 ἀι·

184 4172 429 4265 intelligendum
440 4187 543 4263 putat,
565 4178 622 4258 ita,
631 4188 667 4239 ut
681 4177 826 4245 Cdrtrtm
840 4181 945 4244 Motae
963 4176 1089 4265 Spiritu
1103 4201 1174 4245 moa
