2632 4740
69 379 71 384 .
169 331 242 403 112
393 270 407 418 ί,
478 319 663 402 ·‚cm›ur
687 322 733 396 V.
766 345 804 399 v.
834 331 890 400 14.

166 488 320 558 Bacchid.
341 493 373 570 3,
394 494 425 569 3.
444 483 509 576 24.)
531 507 564 554 v.
578 489 768 556 Perizonius
791 488 834 553 ad
853 487 982 555 Aelian.
1002 486 1047 555 H.
1062 485 1108 555 V.
1124 493 1155 572 3,
1175 493 1218 556 38.

165 614 199 685 p.
209 597 282 656 226.
298 602 331 656 et
345 611 405 654 uos
419 589 460 654 ad
476 588 623 675 Propert.
638 595 669 673 3,
687 598 738 655 14.
756 597 787 656 2.
807 587 887 655 lude
902 590 965 655 hoc
977 589 1114 655 verbum
1124 603 1217 654 trans·

164 693 267 760 latum
280 702 331 756 est
344 690 386 756 ad
405 691 542 778 quodvis
559 693 770 771 exercitium,
799 694 897 756 etiam
915 685 1031 771 anirui,
1058 694 1106 755 ita
1121 702 1157 755 ut
1170 691 1215 753 de·

165 804 295 858 notaret
307 813 467 860 coercere
481 813 515 857 eo
531 797 686 880 iro-aliqua
700 786 753 872 re,
771 794 988 872 adsuefacere
1002 813 1037 857 ce
1053 795 1154 856 altato·
1163 796 1212 855 ret.

95 940 97 943 -
164 895 385 960 Phevorinus:
405 888 561 980 γνμνάζω
577 893 635 956 καὶ
651 891 865 980 γυμνάζομαι
877 893 933 958 ἐπὶ
946 892 1010 959 τῶν
1024 888 1211 977 άγωνιζομὲ·

162 1016 229 1064 νων
242 998 390 1082 γυμνῶν,
412 994 473 1058 καὶ
484 988 686 1078 γυμνάσιον,
707 990 843 1068 deduce
861 992 897 1059 ἓν
917 984 943 1081 ᾧ
962 993 1084 1078 γυμνοὶ
1103 990 1209 1075 ἠγωνί-

161 1095 273 1188 ζοντο·
293 1094 355 1161 καὶ·
365 1090 434 1158 οἷαιὸ
449 1091 827 1178 τούτοαγυμνάζεσθαι
841 1090 1006 1170 αἰιλῶςτὸ
1025 1090 1147 1160 άσιιεῖν
1163 1092 1206 1157 καί

134 1184 141 1203 ’
162 1193 402 1264 παιδεύεσθαι.
452 1192 541 1258 Xan.
561 1191 638 1278 Cyr.
652 1201 682 1275 1,
697 1200 728 1259 2.
743 1199 793 1259 10.
816 1190 980 1279 γυμνάζει
998 1196 1111 1262 δὲκαὶ
1130 1192 1206 1261 ‹idoc-

162 1293 295 1384 πυρίαις
316 1296 377 1361 καὶ
398 1291 557 1378 dedomo..
573 1293 710 1360 Herodi.
725 1300 809 1377 6,.4.
831 1299 862 1361 5.
883 1293 1064 1379 γυμνάζων
1086 1297 1123 1361 τέ
1141 1292 1204 1367 τούς

162 1395 380 1486 στρατιώταις.
411 1394 465 1459 De
480 1394 652 1459 saltatione
665 1395 754 1464 Xeu.
770 1395 918 1483 Sympos.
935 1402 966 1478 2,
981 1401 1100 1483 17.18.
1121 1392 1202 1460 Diod
1237 1446 1241 1453 .

162 1497 230 1563 Sic.
241 1504 272 1578 3,
288 1505 320 1563 4.
340 1493 463 1585 μελέτῃ
484 1492 688 1585 πολυχρονίῳ
706 1498 765 1561 καὶ
782 1495 899 1584 μνήμῃ
915 1494 1141 1581 γυμνάζοντες
1158 1491 1203 1566 odi

120 1645 123 1650 .
161 1592 283 1685 ψυχάς.
318 1595 444 1661 2Ρε11.
469 1602 500 1678 2,
526 1603 576 1660 14.
604 1594 999 1686 καρδίαγεγνμυααμὲνη
1025 1591 1203 1673 πλεονεξίας
1239 1582 1244 1669 ί

36 1763 71 1788 ‚³
113 1728 120 1734 ·
162 1702 289 1763 anhnus
306 1695 397 1761 lucro
419 1698 573 1762 adsuetus
592 1699 616 1762 i.
636 1696 719 1763 lucri
735 1700 973 1789 cupidissimus.
987 1706 1020 1764 ,1.
1033 1696 1120 1762 Tim.
1132 1705 1163 1778 4,
1177 1698 1201 1775 i·

160 1796 312 1885 γύμναζε
340 1799 378 1864 δὲ
400 1797 542 1865 σεαυτόν
567 1795 649 1886 πρὸς
670 1797 847 1885 εὐσέβειαν.
898 1800 1012 1891 Itaque
1038 1798 1149 1862 verbis
1169 1789 1201 1859 ιιί
1242 1818 1244 1823 ·

161 1893 379 1985 αἰσθητήρια
397 1899 656 1985 γεγυμνασμένα
662 1913 679 1982 ,’
702 1922 818 1966 seusus
838 1903 961 1966 ratione
980 1897 1092 1965 habita
1112 1895 1201 1961 decla·
1241 1908 1244 1987 j

160 2013 267 2080 ratur,
296 2000 462 2084 ingenium
481 1997 648 2065 subactum
661 2013 694 2065 et
709 2003 938 2084 exercitatum,
964 2000 1103 2066 facultas
1121 1996 1211 2064 animi·
1242 1994 1244 2009 '

160 2101 283 2192 aliquid
305 2092 500 2164 diiudicandi
520 2112 554 2166 et
571 2102 789 2189 perspiciendi
813 2125 875 2167 usu
905 2101 976 2188 (διά
998 2099 1063 2181 τήν
1082 2095 1159 2186 ἕξιν)
1176 2106 1201 2160 et
1242 2178 1244 2195 Ι

160 2205 259 2269 studii
278 2202 468 2265 assiduitate
490 2213 598 2283 acuta,
625 2216 728 2268 aucte.
757 2202 840 2290 ιιρός
863 2201 1032 2291 διάκρισιν
1052 2203 1156 2268 καλοί
1171 2219 1200 2262 ιε
1241 2200 1244 2255 ἔ

69 2309 72 2315 '
158 2308 216 2380 καὶ
239 2302 353 2386 κακοί]
376 2306 422 2370 ad
446 2306 687 2370 discernendum
704 2304 815 2370 donum
837 2313 872 2367 et
890 2308 1015 2370 molem.
1071 2299 1199 2367 Hebraei
1242 2306 1244 2315 '

140 2482 143 2486 ,
158 2403 299 2472 formula
311 2411 466 2486 ignorare
481 2403 592 2469 donem
612 2412 646 2468 et
660 2407 773 2469 malum
788 2404 972 2469 describere
987 2399 1095 2469 solent
1111 2402 1200 2469 inlau-
1239 2388 1244 2471 ⁴:

157 2512 239 2573 tiam
252 2503 366 2568 rudem
377 2517 411 2568 et
423 2505 623 2591 immitam,
646 2523 729 2590 quae
742 2505 926 2583 discernere
944 2508 1049 2570 nescit
1064 2503 1199 2570 1111111114Ι
1242 2504 1244 2519 ’

79 2628 82 2633 ·
158 2608 263 2688 falso,
296 2616 389 2689 turpe
407 2602 447 2668 ab
470 2604 606 2671 honesto
626 2624 658 2667 v.
677 2601 775 2681 Dout.
791 2614 822 2690 1,
842 2614 895 2674 39.
928 2607 1049 2689 Iou.4,
1070 2615 1120 2673 11.
1146 2605 1198 2670 les.

132 2785 137 2791 .
157 2716 261 2792 ⁷514.
277 2711 328 2786 15,
343 2710 374 2769 6.
401 2704 535 2768 Homer.
550 2703 652 2786 Odys.
667 2702 700 2789 ά,
722 2711 794 2772 309.
815 2743 858 2757 -
877 2705 944 2788 ἤδη
960 2710 1029 2795 ’γάρ
1049 2707 1130 2774 νοέω
1151 2701 1199 2770 καὶ

25 2831 36 2841 “
155 2799 236 2879 οἶδα
251 2801 383 2899 ἕκαστα
395 2802 528 2869 Fonte
541 2827 578 2869 τε
594 2805 711 2885 καλιαί
722 2806 1009 2897 χέρειαίπάροςδ
1028 2805 1081 2874 ἔτι
1098 2805 1200 2888 νήπιος

28 2966 31 2971 .
155 2905 202 2993 ἦα
214 2920 277 2978 ient
291 2910 433 2990 intellego
447 2914 480 2972 ei
495 2912 571 2970 nooo'
583 2911 707 2990 εἰαμιῐα
719 2907 812 2974 Boou
825 2917 859 2973 ot
869 2913 954 2975 ναοῖο
959 2931 973 2992 ‚·
993 2917 1094 2978 αιι1αα
1108 2918 1200 2976 oeteo

82 3001 85 3007 ¹
156 3006 261 3082 odico
275 3010 387 3088 infom
401 3007 503 3072 eram.
542 3005 740 3093 Interpretes
751 3008 853 3073 verba
870 3008 976 3076 καλὸν
990 3023 1023 3076 et
1041 3008 1199 3079 κακὸνλα·

156 3114 418 3191 admemoriam,
441 3128 504 3196 quo
522 3110 622 3199 etiam
640 3124 763 3174 verum'
774 3120 806 3172 et
822 3110 941 3175 falsum
959 3100 1198 3197 comprelieuda·

90 3256 95 3265 ι
154 3227 223 3297 tur,
249 3213 292 3277 ad
309 3208 500 3297 religionem
515 3208 720 3273 christianam
734 3209 895 3292 referunt,
920 3214 983 3294 ita,
1009 3225 1045 3277 ut
1061 3198 1103 3277 eo
1119 3223 1198 3275 note·

126 3300 128 3304 4
154 3329 207 3380 tur
221 3324 386 3383 νει-11111111
404 3311 522 3376 falsum
536 3311 571 3372 in
590 3309 734 3374 doctrina
749 3309 923 3376 christiana
946 3315 1003 3398 (ita
1020 3315 1086 3378 iam
1103 3313 1200 3384 Oeon-

153 3417 281 3484 meuius
296 3501 297 3504 Ἴ
312 3425 344 3477 et
369 3410 631 3496 Theophylactus
659 3409 739 3475 haec
765 3411 867 3476 verba
893 3416 1095 3501 interpretati
1122 3420 1198 3478 suut}

153 3516 240 3605 πρὸς
253 3513 292 3580 rt
308 3509 491 3598 διακρίνειν
511 3513 598 3576 ποῖα
616 3509 662 3575 τά
676 3512 809 3597 χρησταί
826 3513 887 3577 καὶ
902 3512 1021 3604 ὑψηλοί
1041 3509 1201 3601 δόγματα,

63 3650 66 3653 ’
154 3621 215 3686 καλ
232 3617 315 3684 ποῖα
334 3612 383 3687 τά,
393 3612 491 3679 νόθα
506 3612 566 3676 καί
585 3611 870 3700 διεφθαρμένα),
898 3617 1061 3699 distinctio
1079 3618 1201 3702 dogmat

73 3772 76 3783 ,
153 3735 220 3788 tum
238 3716 407 3802 religionis
428 3713 620 3776 christianae
640 3711 682 3776 ab
701 3711 863 3777 erroribus
884 3727 917 3778 et
935 3718 1143 3801 opinionibus
1154 3715 1200 3780 Iu·

29 3828 31 3835 '
82 3876 86 3887 ,
153 3823 324 3899 daeorum,
340 3826 407 3879 ,aut
421 3811 638 3898 significetur,
659 3810 851 3898 religionem
866 3815 1073 3884 christianam
1087 3817 1201 3883 antele⁴

128 3974 135 3990 .
152 3924 285 3988 rendam
298 3937 372 3982 esse
387 3913 549 3980 Iudaicae.
591 3911 716 4004 Verum
728 3912 779 3975 his
792 3916 1112 4000 interpretationibus
1132 3938 1199 3980 oon·

143 4035 265 4111 „textus
283 4017 480 4084 adversatur.
496 4007 507 4015 ’
526 4013 565 4078 ln
583 4017 781 4101 antegressis
797 4018 882 4081 enim
900 4039 1004 4083 sermo
1017 4019 1081 4082 fuit
1095 4019 1135 4082 de
1147 4016 1197 4080 do·

35 4107 38 4114 '
102 4169 104 4175 -
153 4124 265 4187 ctrinis
285 4109 545 4183 sublimioribus.
584 4115 673 4203 Inest
689 4117 787 4201 igitur
809 4118 968 4184 sententia
982 4120 1093 4185 verbis
1109 4119 1196 4182 haec:

60 4280 65 4287 .
153 4218 365 4289 sublimiores
385 4215 550 4284 doctriuae
570 4217 652 4284 tradi
672 4219 890 4284 tautummodo
907 4232 1043 4305 possunt
1062 4222 1120 4300 iis,
1147 4213 1196 4303 qui
