2604 4746
366 311 527 389 carun
552 313 621 385 lv.
655 334 693 390 v.
716 274 750 388 a.
844 267 880 309 ”“
1019 334 1022 341 ·
1048 316 1116 386 121

52 493 117 544 tem
139 477 213 544 Dei
232 479 287 543 (lie
302 481 458 564 septimo,
481 481 573 544 cuins
590 490 640 543 est
657 475 730 558 illa,
753 478 837 542 inter
854 475 1080 545 liberationem
1099 504 1119 546 a

49 582 139 645 vitae
156 580 260 644 buius
273 579 432 645 molestiis
446 592 478 645 et
492 582 589 658 curis,
613 590 707 664 atque
727 568 818 643 illam
831 582 936 664 ipsam
949 578 1016 645 Dei
1030 586 1119 668 quie-

10 696 13 715 ¹
48 693 126 747 tem.
164 675 402 766 εἰσερχόμεθα
422 701 482 767 pro
507 675 770 761 ιῖσιλειισόμεθα
794 691 831 742 ut
856 678 1119 767 'l'heopbylectns

50 780 214 867 explicat.
234 779 336 866 Vulg.
347 784 571 864 ebgrede'emor.
614 777 772 863 Enallage
784 779 936 866 frequens
949 804 981 847 v.
991 784 1119 852 Docte·

15 942 18 947 Α
49 903 104 948 m
123 881 169 946 ad
190 879 340 966 Thucyd.
358 886 390 961 2,
408 877 462 945 «14.
491 880 619 945 Writers·
637 880 777 946 Graan.
796 883 827 946 d.
843 880 889 945 N.
912 882 947 947 Τ.
964 883 1118 971 Spretis·-

49 985 150 1048 aaa
175 981 236 1046 To
260 987 290 1045 1.
313 1002 346 1065 p.
367 986 408 1046 83
423 1002 472 1068 sq.
492 979 559 1065 γάρ
580 988 739 1062 mmmm,
767 985 890 1047 scilicet
910 1003 942 1045 v.
964 983 1118 1052 Aeschin.

10 1146 13 1155 ,
50 1083 145 1148 Scor.
171 1084 281 1162 2,1⁷.
311 1085 344 1160 3,
360 1084 391 1146 7.
419 1081 507 1145 Xen.
527 1079 631 1146 Hiero
644 1086 674 1162 5,
696 1088 725 1146 1.
758 1086 834 1162 652.
871 1083 973 1167 Age.
986 1089 1018 1167 3,
1032 1094 1063 1151 2.
1083 1099 1120 1151 ut

10 1170 14 1197 ¹
47 1184 124 1250 Lat.
137 1180 475 1268 minctltapieltoe
493 1181 928 1261 etKrebre‘uradMetth.1,
946 1191 996 1250 18.
1017 1187 1122 1253 οἱπι-
1245 1192 1252 1207 “

50 1279 264 1358 σπεύσαντες
280 1295 483 1367 opponuntur
496 1286 569 1359 τοῖς
584 1273 794 1362 α’πιιθήσασι
811 1289 843 1362 3,
860 1290 909 1347 18.
932 1293 964 1365 4,
978 1292 1008 1349 2.
1021 1291 1053 1351 7.
1068 1294 1118 1354 11.

50 1390 79 1452 si
92 1390 131 1453 iu
142 1385 216 1453 fide
226 1403 464 1469 permanemus,
478 1386 508 1448 si
522 1395 702 1449 constantes
711 1382 835 1449 Christi
845 1383 985 1448 cultores
997 1406 1119 1453 sumus.

52 1486 181 1552 Verbis
199 1478 233 1550 εἰ
251 1477 499 1550 εἰσελεύσονται
518 1480 565 1562 εἷς
587 1482 650 1564 τήν
673 1480 883 1548 κατάπαυσίν
895 1507 961 1570 μου
975 1489 1119 1572 cogitan-

54 1589 93 1654 rlc
119 1574 262 1672 adiungi
280 1582 379 1649 debet
394 1585 439 1651 δι’
451 1584 613 1652 ἀπιστίαν
626 1591 656 1667 3,
674 1592 725 1651 19.
767 1585 924 1671 Vulgaris
941 1589 1119 1671 particulae
1177 1666 1182 1677 Ι

56 1684 172 1755 καίτοι
196 1682 389 1772 significatio
410 1697 471 1768 est,
493 1685 693 1777 quamquam,
715 1693 781 1752 etei
799 1699 834 1749 ut
849 1708 900 1772 ap.
913 1685 1002 1752 Xen.
1017 1687 1118 1776 Ages.

57 1795 134 1871 8‚3.
172 1787 281 1852 Hiero
297 1793 327 1867 1,
340 1792 391 1852 36.
424 1787 560 1856 Herodi.
575 1794 605 1870 1,
620 1795 715 1854 9.18.
730 1787 771 1851 al.
813 1786 905 1852 Haec
923 1808 1001 1853 vero
1019 1793 1120 1876 signi-

56 1889 168 1955 ficatio
186 1889 221 1954 lr.
233 1886 259 1952 1.
272 1887 348 1951 huic
367 1887 547 1974 particulae
570 1911 590 1952 a
609 1889 719 1953 multis
739 1888 969 1973 interpretibus
989 1891 1119 1974 tributa,

56 1991 201 2060 fecunda
210 1988 386 2060 materfuit
399 1990 698 2083 interpretationum
714 1989 810 2058 huius
823 1989 889 2053 loci
906 1996 1120 2058 cummaxime

60 2102 291 2171 contortamm,
314 2111 394 2176 quas
408 2112 520 2154 omnes
535 2111 783 2160 commemorare
796 2101 891 2176 atque
905 2089 1057 2156 refellere
1071 2095 1120 2155 ni·

60 2192 105 2259 bil
119 2194 247 2258 attinet.
292 2190 360 2255 Sed
374 2186 484 2256 καὶτοι
496 2190 658 2278 siguificat
670 2194 767 2255 etiam
777 2213 897 2277 nempe,
919 2198 1073 2272 nimirum,
1087 2205 1121 2259 et

61 2298 203 2382 quiden,
224 2295 320 2382 idque
335 2287 526 2378 vssqukius
542 2303 575 2355 et
593 2291 788 2377 Carpzoot'us
801 2293 841 2360 ad
854 2293 887 2358 h.
902 2292 925 2357 l.
967 2293 1061 2357 Hanc
1077 2297 1122 2358 si-

61 2393 304 2482 gnificationem
325 2405 413 2456 reete
434 2390 491 2461 alii
509 2394 703 2477 interpretes
723 2393 881 2458 vocabulo
900 2388 1007 2459 καίτοι
1020 2394 1121 2458 subii-

63 2499 158 2576 ciuut,
185 2494 243 2559 red
255 2488 404 2559 nonnulli
419 2515 530 2563 eorum
543 2492 656 2558 ultima
666 2515 781 2557 versus
793 2493 894 2559 verba
907 2496 1123 2564 construenda

62 2619 142 2674 esse
159 2598 366 2688 praecipiunt
385 2616 458 2666 cum
478 2591 589 2663 verbis
609 2592 821 2664 κατάπαυσίν
840 2619 906 2683 μου
911 2642 924 2676 ,
953 2608 987 2658 ut
1005 2590 1123 2665 senius
1146 2580 1149 2587 ’

63 2701 118 2769 sit:
138 2719 254 2784 nempe
273 2703 410 2784 quietem
430 2694 471 2761 ab
489 2694 636 2782 operibus
654 2699 729 2762 inde
751 2695 791 2761 ob
813 2695 889 2762 orbe
907 2701 1048 2778 condito,
1069 2722 1121 2762 re·

62 2801 172 2889 quiem
189 2800 261 2863 dico
275 2795 342 2861 Dei
353 2796 394 2861 ab
407 2799 496 2875 omni
508 2817 606 2880 opere
624 2797 660 2860 in
679 2797 788 2862 mundi
801 2799 962 2862 creatione
977 2811 1121 2882 peracto.

62 2899 216 2965 Procedit
237 2900 383 2987 quidem,
410 2897 472 2961 hac
490 2899 755 2983 interpretatione
780 2897 937 2979 admissa,
964 2902 1123 2973 sententia

64 3026 136 3069 eum
151 3013 309 3068 contextu
325 2997 421 3063 facile
438 2996 648 3080 concilianda,
671 3010 703 3062 at
716 2997 848 3083 linguae
869 2997 962 3083 leges
983 3020 1048 3062 non
1066 3000 1124 3064 arl-

64 3105 187 3169 rlicunt.
227 3101 313 3174 Nam
330 3111 366 3162 ut
390 3096 492 3184 probe
512 3113 704 3163 monuerunt
728 3098 904 3165 Scbmide'us
927 3100 961 3162 iu
978 3098 1077 3163 Obss.
1092 3114 1124 3165 et

65 3203 262 3276 emeseno
278 3201 319 3265 ad
335 3200 368 3264 h.
382 3198 407 3263 l.
421 3201 451 3263 si
465 3197 635 3263 Genitivus
654 3196 765 3286 ἔργων·
775 3199 932 3285 penderet
953 3198 993 3263 ab
1018 3200 1126 3267 κατά.

67 3325 202 3386 wenta,
221 3303 293 3388 legi
309 3299 428 3367 debere
444 3291 523 3365 min:
547 3301 611 3365 τῶν
627 3298 734 3388 ἔργων
747 3296 818 3365 α’πό
830 3321 860 3364 κ.
870 3321 937 3383 ray.
952 3303 1006 3387 qui
1022 3306 1125 3368 mani·

67 3408 148 3472 leste
165 3408 233 3469 sint
247 3403 394 3471 Genitivi
409 3399 558 3482 absoluti,
580 3401 639 3465 sed
654 3404 718 3467 τῶν
733 3397 839 3488 ἔργων
851 3395 917 3466 τῶν
935 3399 1004 3465 α’πό
1021 3425 1125 3469 κατα-

69 3507 176 3592 βολῆς
189 3527 219 3570 ιι.
233 3526 264 3588 y.
305 3501 437 3566 Rectius
454 3504 608 3587 repetitur
620 3502 755 3567 verbum
773 3502 859 3588 quod
879 3506 1058 3586 praecessit
1075 3504 1126 3570 ei-

71 3630 167 3694 ρηιιε,
189 3616 229 3670 et'
243 3599 355 3681 scitor
374 3603 579 3686 exprimitur:
600 3605 695 3689 idque
724 3605 822 3668 dicit.
866 3601 998 3668 Scilicet
1017 3617 1126 3669 osten.
1164 3639 1167 3643 -

73 3710 146 3774 «lere
160 3705 267 3771 voluit
280 3707 430 3790 scriptor,
449 3723 608 3790 quaenam
631 3698 837 3777 κατάπαυσις
857 3703 915 3768 τοῦ
940 3704 1025 3770 Θεοῦ
1040 3706 1125 3771 chri-

74 3811 185 3877 stianis
206 3808 278 3894 piis
294 3805 457 3870 destinata
480 3806 524 3868 sit
546 3814 640 3890 atque
662 3808 836 3889 promisea3
859 3816 892 3868 et
913 3793 1005 3869 mens
1029 3818 1125 3893 atque

75 3911 233 3975 sententia
252 3908 324 3971 eius
343 3905 426 3971 baec
448 3916 511 3968 est:
532 3906 706 3990 promissio
725 3897 896 3992 illaquam
916 3904 1126 3971 Ps.›l.·verba

51 4013 253 4089 continent,
277 4008 377 4076 'etiam
397 4025 457 4070 nos
482 4006 674 4069 christianos
696 4016 834 4090 spectat,
855 4004 941 4069 iacta
969 4008 1054 4078 enim
1077 4020 1127 4072 est

78 4110 152 4176 orbe
167 4108 313 4186 condito,
335 4128 407 4173 eum
423 4126 524 4193 opera
537 4102 603 4169 Dei
624 4117 732 4169 essent
753 4117 901 4190 peracta,
923 4119 957 4171 et
974 4104 1065 4171 Deus
1084 4107 1125 4172 ab

81 4194 226 4305 operibus
242 4209 426 4298 quiesceret
441 4196 514 4275 coll.
529 4228 560 4271 v.
573 4215 605 4275 4.
616 4207 728 4295 ltaque
744 4203 1029 4290 coronaverunt]
1044 4209 1127 4275 Θεοῦ
