2604 4746
402 302 800 392 CarurIX.v.l.
882 262 886 267 Ι
1060 316 1134 385 279
1232 374 1240 381 .

106 467 146 548 ξω,
106 469 243 546 gatto
259 467 338 565 cept
353 468 460 568 αὐτῆς
476 467 535 547 τῆς
555 468 705 545 παλαιᾶς
725 466 908 564 διαθήκης·
931 469 973 536 ori
988 472 1053 561 γάρ
1069 469 1132 551 τήν

101 570 199 648 σκηνήν
213 571 254 660 τῇ
267 569 330 656 νέᾳ
342 555 511 652 cordapsos
524 567 690 658 διαθήκη,
712 567 788 634 ἀλλ’
801 566 894 650 ὅλην
901 571 964 650 τήν
962 567 1132 640 παλαιάν

99 667 242 785 διαθήκην
258 666 300 758 τῇ
317 670 390 756 νέᾳ,
412 689 470 731 και
493 667 578 756 πρὸς
603 636 720 746 ὅλήν
704 667 834 750 εκείνην
857 670 981 789 ταύτης
1000 673 1131 742 ἐδείκνυ

97 766 329 856 ιήνήιιιροχήν)
357 767 607 863 chrysostomus
622 767 707 834 adh.
722 769 782 836 l.'
760 795 780 848 η
796 793 910 855 πρωτη
924 770 991 853 τίς,·
1012 799 1033 853 η
1023 766 1130 839 ‘dta-

95 870 177 949 θήκη.
225 867 359 932 Addidit
387 864 517 952 quidem
541 862 707 951 Chrysost'.
730 864 770 933 de
797 871 850 933 die
876 872 977 937 natali
1008 875 1130 938 domini

95 961 192 1036 lob-5
211 969 262 1033 ed.
283 946 468 1033 Morellian.
489 991 521 1053 Ρ.
539 974 613 1033 472.
634 991 751 1034 nomen
769 967 889 1049 σκηνή,
912 973 971 1036 sed
991 985 1026 1037 ut
1044 971 1127 1036 bene

95 1070 266 1135 brunerus
256 1090 292 1131 ιιι
284 1064 393 1133 Eril
390 1076 493 1148 dreng
503 1072 538 1135 d.
556 1070 595 1132 B.
611 1091 655 1134 ou
671 1073 723 1136 die
737 1072 839 1136 Hebr.
856 1071 898 1134 ad
912 1071 943 1136 b.
956 1072 979 1136 1.
995 1076 1128 1153 monuit,

95 1171 116 1235 lc
125 1170 272 1234 lectionis
286 1171 422 1231 veritate
438 1167 518 1232 nihil
531 1169 641 1255 colligi
655 1183 762 1255 potest
773 1193 830 1235 ex
852 1175 998 1236 oratione
1019 1172 1127 1236 subito

95 1271 309 1336 tmemoriter
331 1268 433 1348 dicta,
470 1290 530 1334 nec
552 1282 698 1334 accurate
722 1271 845 1337 calamo
868 1285 1016 1356 excepta.
1061 1272 1128 1336 Sed
1226 1313 1233 1321 -

95 1395 129 1436 tec
139 1382 312 1436 contextus
324 1371 490 1466 permittit,
505 1383 541 1434 ut
554 1372 662 1451 σκηνή
678 1375 711 1436 in
726 1383 851 1436 textum
863 1374 1048 1457 recipiatur,
1071 1373 1127 1436 vel

96 1497 138 1536 nm
151 1461 227 1536 aliis
242 1458 516 1563 subintelligatur.
554 1472 683 1536 Etenim
706 1475 739 1561 1)
752 1476 785 1536 in
802 1475 997 1556 antegressis
1017 1494 1124 1536 sermo
1233 1447 1250 1559 ,ι

96 1586 136 1637 rat
153 1575 194 1636 de
217 1565 371 1661 διαθήκη
392 1569 465 1633 coll.
481 1577 511 1651 8,
529 1577 559 1636 6.
575 1577 605 1636 9.
622 1579 671 1636 16.
696 1587 775 1640 etv.
790 1579 820 1637 7.
837 1579 886 1637 13.
902 1571 972 1635 boc
982 1571 1138 1635 vocabu·

95 1699 131 1739 nn
145 1671 317 1757 cogitando
331 1617 543 1734 adiiciendum
557 1683 616 1735 est.
660 1666 732 1758 2)”
708 1694 804 1756 cytov
816 1694 848 1735 v.
865 1680 893 1737 1.
905 1684 990 1735 extr.
1004 1674 1124 1736 indicat

95 1772 318 1852 cornetulum,
334 1774 399 1837 iam
415 1775 444 1835 si
458 1768 564 1850 σκηνή
579 1760 613 1835 in
628 1773 772 1836 ordinem
789 1775 999 1856 reciperetur,
1012 1775 1124 1857 incon·

95 1882 159 1940 mna
184 1876 342 1940 existeret
362 1863 530 1936 sententia¹
544 1872 639 1936 baec:
662 1871 801 1935 habebat
820 1877 910 1957 prius
933 1872 1122 1936 tabernacu-

95 2002 132 2045 nn
146 1975 429 2050 ——sanctuarium
452 1973 511 2035 sed
531 1975 746 2037 sanctuarium
761 1987 831 2038 erat
851 1976 956 2058 ipsum
971 1970 1121 2035 taberna·

95 2079 184 2150 ilum3
213 2089 246 2140 et
266 2095 350 2138 vana
369 2084 419 2138 est
433 2095 546 2143 eorum
558 2075 652 2156 ratio,
675 2078 778 2162 quint
796 2095 842 2138 ex
857 2072 917 2136 bac
934 2070 1121 2136 difficultate

95 2178 315 2262 rexpe‘diant,'
327 2188 408 2238 voce
425 2172 466 2236 τὸ
487 2167 605 2256 ἅγιον,
626 2173 705 2242 vasa
721 2195 824 2252 sacra,
845 2184 1008 2258 totumque
1023 2196 1122 2257 appa·

95 2293 166 2343 itum
180 2277 373 2354 Leviticum,
394 2273 604 2339 tabernaculo
626 2275 684 2339 illo
704 2272 966 2357 comprehensum
984 2274 1121 2336 indicari

95 2377 269 2443 intendunt.
312 2377 345 2459 3)
366 2373 500 2459 Duplici
513 2397 612 2439 sensu
625 2373 844 2459 accipiendum
855 2386 943 2438 esset
954 2395 1025 2437 voc.
1040 2394 1122 2451 σκη·

95 2480 119 2561 ή,
142 2499 259 2561 nempe
274 2497 306 2539 v.
324 2482 352 2544 1.
368 2476 407 2538 de
424 2488 491 2538 toto
504 2473 721 2555 tabernaculo,
738 2496 770 2539 v.
785 2481 815 2539 2.
832 2475 871 2538 de
889 2474 1017 2555 Sancto,
1034 2474 1121 2560 quod

110 2587 140 2644 3.
164 2579 337 2661 opponitur
355 2577 460 2658 adyto.
502 2573 690 2655 Reiicienda
708 2598 785 2661 ergo
811 2588 861 2639 est
885 2575 981 2640 lectio
998 2573 1121 2656 σκηνή,

95 2677 217 2763 ricquid
230 2676 482 2740 contradixerint
500 2664 668 2756 Wlu'tde'us,
685 2680 841 2755 olearias,
858 2676 1009 2755 Wolfius,
1019 2679 1121 2761 Carp-

95 2789 181 2861 ιυίιιι,
205 2789 237 2843 ct
259 2789 346 2840 recte
369 2770 440 2839 eam
461 2799 479 2841 e
500 2789 592 2839 textu
611 2778 776 2840 eiecerunt
794 2777 982 2858 Bengelt'ue,
1008 2776 1120 2841 Grtes·

95 2882 204 2956 ecdico.
225 2879 442 2955 Matthaeus*
460 2875 624 2957 schottus,
647 2866 833 2961 Kaoppt'uo.
860 2879 1008 2956 Vaterno,
1032 2898 1119 2962 eam-

95 3006 126 3046 re
140 2978 362 3063 improbarunt
373 2977 519 3062 plerique
534 2981 671 3063 optimae
686 2990 781 3040 notae
800 2981 1004 3061 interpretes
1049 2975 1121 3039 Νοέ

95 3105 137 3146 ,ιιι
150 3077 257 3158 σκηνή
276 3078 316 3140 ab
331 3080 478 3163 imperito
493 3077 615 3141 lectore
632 3100 695 3141 ev.
709 3085 740 3142 2.
756 3081 790 3141 in
805 3080 982 3162 marginem
995 3076 1117 3139 adscri-

95 3197 167 3263 tum‚
200 3178 372 3244 alibrario
395 3177 480 3241 male
503 3177 615 3243 sedulo
638 3181 673 3241 in
696 3190 820 3242 textum
842 3176 1032 3241 translatum
1057 3189 1116 3241 est.
1202 3252 1206 3260 Ι

95 3279 331 3349 lorlluadus'ad
343 3278 475 3360 Lysiam
489 3300 521 3361 Ρ.
539 3284 610 3344 536.
626 3290 658 3342 et
673 3277 901 3354 Wakefieldt'us
917 3276 1030 3341 Curar.
1045 3278 1116 3339 crit.

95 3392 241 3466 texeget.
256 3382 290 3441 in
304 3378 406 3442 libros
421 3377 463 3442 N.
479 3377 520 3440 Τ.
534 3375 571 3440 Ρ.
588 3383 618 3442 5.
639 3401 671 3463 Ρ.
689 3384 759 3443 145.
783 3398 896 3441 vocem
918 3375 1024 3456 σκηνή
1047 3398 1116 3440 mu·
1228 3354 1235 3375 ’

95 3483 192 3544 indam
212 3500 287 3542 esse
310 3490 502 3542 censuerunt
515 3480 550 3540 in
565 3471 687 3557 ἐκείνη,
709 3498 803 3562 quam
824 3476 994 3540 lectionem
1020 3481 1117 3541 etiam
1147 3484 1162 3508 ⁶
1218 3469 1222 3488 ¹

95 3603 146 3644 nus
170 3580 240 3644 cod.
266 3579 400 3643 exhibet
423 3587 474 3662 ap.
498 3578 638 3643 lollium
656 3589 688 3640 et
709 3573 957 3644 &riesbacbium
1001 3576 1116 3664 Neque

96 3685 177 3768 cgari
195 3692 320 3768 potest,
344 3703 375 3744 ει
398 3692 430 3743 et
452 3701 488 3756 η,
511 3680 641 3763 saepius
664 3701 684 3742 a
704 3677 847 3742 librariis
870 3699 943 3742 esse
969 3677 1132 3756 confusa.
1222 3748 1225 3761 Ι

95 3785 194 3867 sepius
214 3784 311 3844 etiam
329 3774 441 3842 literas
458 3777 485 3841 C
502 3793 533 3841 et
548 3778 588 3859 E,
603 3800 635 3841 v.
656 3779 882 3844 Valckenarius
893 3777 936 3858 'ad
956 3774 1117 3839 Herodot.
1223 3764 1225 3773 ¹

95 3907 106 3942 ι.
115 3879 181 3946 621.
204 3881 383 3946 Doroillt'us
408 3879 450 3941 ad
468 3878 590 3942 Charit.
611 3902 644 3965 p.
662 3885 735 3944 773.
757 3878 823 3943 Sed
842 3875 949 3955 ἐκείνη
972 3897 1017 3940 ex
1037 3883 1068 3955 8,
1084 3882 1115 3941 7.

95 3981 181 4043 ncod.
198 3980 289 4044 illum
310 3979 441 4041 venisse
466 3976 607 4059 videtur,
633 3991 666 4042 et
684 3980 872 4045 adversatur
893 3979 967 4042 huic
986 3976 1117 4041 lectioni

95 4078 159 4145 odd.
178 4079 373 4167 reliquorum
396 4071 538 4142 οιιιιιίιιιιιΙ
556 4083 740 4145 auctoritas.
782 4082 894 4167 Itaque
913 4091 1018 4143 mente
1033 4079 1115 4143 adii·

95 4176 212 4244 :tondum
225 4192 361 4256 estvoc·
371 4176 535 4260 deodrico,
550 4179 635 4267 quod
649 4182 684 4245 in
696 4179 1010 4268 paucisquibusdam
1024 4180 1114 4246 codd.
