2632 4740
204 276 253 351 58
511 271 669 353 Cunus
705 275 759 353 11.
795 298 833 352 v.
860 282 895 352 6.
923 244 980 351 is
1029 237 1035 261 ἶ

203 452 237 505 et
251 439 400 507 Bibmine
412 438 455 504 ad
465 437 569 523 Hebr.
586 446 637 521 12,
654 439 994 525 16.ν.’Μο1111.5,17.
1016 446 1033 509 1
1052 439 1131 509 Cor.
1147 447 1199 523 11,
1215 442 1267 509 27.-
1302 468 1306 508 ι

202 547 392 610 Puluiretus
412 542 453 606 ad
465 540 538 607 Act.
557 549 586 622 1,
599 546 631 605 7.
674 541 820 608 Verbum
843 542 981 630 denique
994 543 1272 614 inmutandum·
1298 570 1306 613 s

202 651 372 730 inspicere,
394 653 512 707 utrem
527 644 710 707 accuratius
724 660 913 728 cognoscas,
936 645 976 709 de
989 642 1191 719 cuiusverbi
1207 652 1263 706 no'·
1295 652 1303 723 t

201 744 347 810 tionibus
368 746 469 808 variis
492 743 724 829 disputavimus
747 744 790 808 ad
810 742 928 808 Matth.
951 751 1004 827 25,
1024 749 1077 810 36.
1099 756 1137 808 ut
1160 741 1262 807 Hebr.
1295 748 1306 811 ’1

202 856 268 929 'spu
282 832 348 909 En.
361 850 392 925 3,
409 848 460 909 16.
484 850 499 911 1
516 844 604 909 Sam.
619 849 651 923 2,
665 849 717 907 21.
737 841 1021 913 inhonorationis
1036 857 1195 909 contextu
1208 863 1263 906 va·
1280 854 1306 929 s!

201 945 261 1028 lat,
278 966 388 1011 euram
401 947 536 1010 alieuius
550 944 679 1024 tudere,
692 943 819 1022 fanore
832 954 867 1009 et
882 943 1045 1022 benefieiis
1058 949 1196 1032 aliquem
1211 962 1262 1009 or·
1295 948 1306 981 ·“

199 1067 300 1128 nure,
324 1042 501 1126 κήδεσθαί
523 1066 628 1124 τινος,
649 1041 891 1128 ἐπιμελεῖσθαι
907 1057 945 1109 ut
962 1044 1044 1129 Lno.
1067 1051 1097 1128 1,
1116 1049 1171 1110 68.
1191 1045 1262 1109 Aot.
1303 1040 1306 1045 ’

203 1153 255 1227 15,
278 1155 328 1213 14.
357 1145 401 1210 al.
424 1145 640 1210 Phavorinust
662 1142 922 1231 intentationem,
947 1143 1265 1235 τὸπρομηθεῦομαι

199 1249 260 1314 καὶ
276 1242 426 1330 κήδομαί
439 1267 540 1333 τινος.
586 1315 593 1329 ,
685 1326 688 1331 ¹
1101 1254 1104 1261 “
1302 1302 1305 1307 .

284 1355 315 1415 7.
328 1344 525 1425 ἠλάττωσας
537 1342 643 1412 aitis
655 1339 765 1432 βραχύ
777 1367 810 1410 τι
825 1341 905 1431 παρ’
918 1345 1209 1436 α’γγέλοος]ροεεῖο
1216 1353 1263 1414 111-

192 1451 358 1532 feriorem
373 1447 714 1531 eumfecietiougelie.
737 1444 883 1512 Verbum
891 1446 1053 1516 ἐλαττοῦν
1062 1449 1150 1537 quod
1158 1447 1262 1514 Hebr.
1304 1513 1306 1521 ,

198 1563 267 1621 nats
290 1549 481 1634 respondet,
511 1548 691 1634 significat,
712 1548 903 1627 inferiorem
913 1547 1054 1627 fucere,
1069 1555 1263 1634 potentum,

198 1657 389 1736 dignitatem
401 1655 584 1715 imminuere
599 1647 699 1715 Diod.
716 1649 782 1714 Sia.
798 1671 831 1733 p.
850 1653 923 1714 750.
940 1647 978 1713 C.
993 1645 1214 1731 Ἀγαθοκλῆς
1224 1645 1264 1716 od

195 1749 305 1840 μόνον
319 1747 414 1816 λύσιν
424 1741 497 1836 εὗρε
511 1748 574 1815 τῶν
588 1747 830 1835 κακῶν,οὶλλοὶ
848 1750 909 1813 καὶ
930 1747 1009 1824 τούς
1030 1747 1214 1836 πολεμίους
1224 1748 1265 1829 η’-
1280 1746 1287 1757 “

72 1867 74 1872 ’
198 1850 349 1918 iditum
360 1872 423 1917 οοο
438 1853 537 1917 solum
550 1854 643 1916 molis
655 1853 879 1937 compedivit,
892 1850 1119 1921 vernationes
1131 1860 1264 1938 insuper
1290 1872 1295 1877 ·

197 1954 375 2034 inferiores
387 1948 414 2016 ε.
431 1948 636 2016 succumbere
647 1949 749 2027 feeit.
790 1946 885 2028 Philo
908 1949 947 2013 de
968 1948 1051 2036 Lag.
1076 1950 1118 2016 ad
1141 1949 1263 2037 Caiap.

201 2049 294 2120 1015.
309 2053 351 2117 Α.
368 2048 529 2139 ἀργύριον
543 2045 569 2128 ἢ
580 2052 676 2116 σῖτον
687 2049 723 2114 ἐν
734 2049 824 2136 μέρει
838 2048 969 2127 παντὸς
981 2054 1041 2118 τοῦ
1056 2049 1166 2138 δήμου
1177 2052 1264 2138 λαμ-

77 2141 80 2149 ’
184 2183 186 2186 ’
195 2152 374 2240 divumne,
396 2152 554 2219 οὐδέποτε
567 2149 645 2226 τούς
657 2147 840 2243 Ἰουδαίους
856 2149 1030 2230 ἠλάττωσε
1049 2153 1109 2232 τῆς
1122 2151 1264 2239 χάριτος

191 2264 321 2344 quoties
334 2253 734 2341 peeuomefrumeutiqoe
755 2252 994 2319 distributiones
1019 2255 1185 2339 nemperei
1200 2275 1264 2342 po·

191 2361 300 2446 polus,
322 2377 386 2420 οοο
408 2354 581 2419 deteriore}
605 2357 795 2420 conditiones
807 2353 949 2421 Iudaeos
970 2361 1100 2421 ratione
1113 2353 1267 2433 betelini

196 2480 267 2524 eme
279 2459 391 2521 noluit.
432 2452 678 2519 Ἑλαττοῦσθαι
691 2464 862 2538 usurpatur
875 2455 915 2519 de
929 2461 986 2539 iis,
1008 2463 1065 2541 qui
1081 2455 1276 2535 inmemores*

135 2599 138 2605 ·
195 2560 395 2637 redduntur,
423 2574 554 2642 qnorum
577 2563 777 2633 auctoritas,
807 2559 949 2637 dignitas
976 2562 1128 2622 minuitur
1155 2555 1263 2622 LXX

194 2665 216 2724 2
238 2657 327 2722 Sam.
351 2660 431 2737 3,1.
454 2655 513 2718 καὶ
533 2651 552 2719 ὁ
572 2642 665 2730 οἶκος
687 2654 794 2722 Aonii
823 2654 1000 2744 ἐπορεύετο
1023 2657 1081 2723 καὶ
1103 2657 1263 2745 ἐκραται-

196 2761 295 2834 οῦτο,
324 2756 381 2821 καὶ
405 2755 424 2821 ὁ
452 2744 545 2832 οἶκος
566 2754 683 2822 Σαούλ
701 2753 877 2843 ἐπορεύετο
898 2759 959 2822 καὶ
975 2756 1135 2836 ἠσθένει·
1167 2758 1263 2843 Sym·

193 2861 342 2928 machus:
368 2855 565 2923 ε’λαττοῦτο.
591 2856 658 2922 vid.
683 2857 886 2924 Gatnckerue
908 2858 950 2921 ad
970 2858 1125 2923 Antonin.
1151 2863 1183 2940 5,
1208 2865 1262 2924 36.

193 2960 382 3037 111οο151111,
403 2957 586 3023 Loemerua
607 2958 651 3022 ad
672 2958 705 3024 h.
727 2955 751 3022 1.
774 2970 807 3022 et
828 2978 889 3022 nos
913 2958 955 3021 ad
974 2957 1045 3023 lob.
1069 2964 1100 3040 3,
1121 2963 1175 3024 30.
1205 2957 1261 3023 De

194 3083 294 3128 sensu
305 3062 397 3124 vocis
411 3056 520 3144 βραχύ
533 3059 823 3145 interpretesinter
839 3078 875 3121 se
886 3056 1081 3144 discrepant.
1122 3057 1262 3127 Ponitur.

116 3206 123 3213 -
193 3165 345 3229 nimirum
368 3157 477 3245 βραχύ
496 3171 532 3222 ut
555 3157 659 3224 Hebr.
683 3168 753 3250 27th
778 3158 865 3246 quod
886 3156 1017 3222 Psalmo
1037 3156 1061 3223 l.
1079 3156 1103 3223 1.
1123 3157 1282 3244 legitur,.

193 3263 280 3328 haud
295 3284 370 3326 raro
385 3260 425 3324 da
441 3271 586 3345 tempore
602 3271 636 3323 ut
648 3260 714 3325 Ex.
729 3264 780 3341 17,
796 3267 828 3322 4.
849 3257 966 3339 Pasa,
978 3262 1028 3322 10.
1054 3257 1138 3322 Hos.
1156 3266 1188 3340 8,
1206 3266 1259 3325 10.

99 3364 102 3371 ’
193 3362 237 3429 al.
253 3361 335 3424 Iino.
349 3366 402 3442 22,
417 3367 468 3426 58.
489 3359 578 3445 μετοὶ
590 3358 906 3448 βροχύραοῖοροετ.
940 3359 1060 3440 Αο1.5,
1075 3365 1126 3424 34.
1148 3357 1261 3448 βραχύ

194 3485 228 3528 τι
239 3464 285 3528 od
297 3461 392 3526 breue
403 3470 536 3545 tempus.
579 3462 646 3526 Sed
657 3460 768 3546 βραχύ
781 3473 817 3523 ut
829 3469 899 3550 ogig
914 3459 1012 3523 etiam
1029 3458 1201 3525 adhibetur
1217 3464 1260 3528 da
1278 3484 1281 3489 ·

91 3589 96 3596 ’
193 3563 306 3649 gradu,
317 3562 357 3625 de
373 3582 409 3623 re
423 3572 579 3646 quatenus
593 3584 658 3646 non
668 3571 734 3624 tam
743 3581 861 3645 magna
875 3569 1029 3645 astatque
1045 3559 1111 3624 alia
1124 3568 1140 3625 1
1151 3560 1259 3649 Regg.

195 3670 246 3743 14,
262 3669 314 3729 29.
336 3660 432 3724 Prov.
449 3657 501 3734 10,
511 3668 563 3726 20.
585 3668 636 3744 15,
653 3666 703 3726 16.
724 3661 810 3724 infra
824 3667 875 3741 13,
888 3666 940 3724 22.
967 3657 1036 3724 Iam
1048 3681 1128 3725 vero
1143 3661 1260 3747 plures

193 3765 399 3845 interpretes,
415 3762 450 3823 in
462 3759 514 3823 his
531 3760 632 3843 Boio,
653 3761 836 3851 Bengeliue,
860 3759 1036 3841 Sedulm'ue,
1056 3761 1208 3830 neumas
1223 3763 1259 3830 h.

167 3902 169 3906 -
192 3852 217 3927 1.
235 3860 337 3925 verba
355 3860 534 3946 explicant:
551 3883 617 3948 per
630 3862 725 3927 breve
737 3872 861 3946 tempus
879 3882 949 3926 eum
966 3860 1160 3938 inferiorem
1180 3868 1261 3932 red-

193 3964 307 4030 didisti
315 3964 448 4045 angelis.
492 3959 564 4025 Neo
584 3961 698 4026 desunt
712 3962 768 4047 qui
782 3961 917 4025 eandem
930 3962 997 4026 vim
1009 3961 1064 4026 Pa.
1079 3967 1111 4044 8,
1126 3967 1159 4028 6.
1181 3969 1261 4031 vooi

192 4073 264 4131 11111
279 4061 431 4127 tribuant.
475 4058 559 4138 Quis
580 4082 676 4143 vero,
699 4062 755 4150 qui
775 4061 866 4127 nulla
886 4064 1037 4148 opinione
1063 4077 1139 4128 ante
1160 4077 1262 4152 capta

194 4175 379 4249 occupatus,
395 4163 437 4228 ad
453 4161 574 4228 Psalmi
586 4162 693 4228 locum
706 4161 879 4250 legandum
895 4165 1080 4246 accesserit,
1096 4184 1169 4230 oum
1181 4168 1261 4232 istis
