<?xml version="1.0" encoding="UTF-8"?>
<!DOCTYPE html PUBLIC "-//W3C//DTD XHTML 1.0 Transitional//EN"
    "http://www.w3.org/TR/xhtml1/DTD/xhtml1-transitional.dtd">
<html xmlns="http://www.w3.org/1999/xhtml" xml:lang="en" lang="en">
 <head>
  <title>
</title>
<meta http-equiv="Content-Type" content="text/html;charset=utf-8" />
  <meta name='ocr-system' content='tesseract 3.04.00' />
  <meta name='ocr-capabilities' content='ocr_page ocr_carea ocr_par ocr_line ocrx_word'/>
</head>
<body>
  <div class='ocr_page' id='page_1' title='image "./dchristianitheo00kuehgoog_0275.png"; bbox 0 0 2632 4740; ppageno 0'>
   <div class='ocr_carea' id='block_1_1' title="bbox 383 278 1177 379">
    <p class='ocr_par' dir='ltr' id='par_1_1' title="bbox 383 278 1177 379">
     <span class='ocr_line' id='line_1_1' title="bbox 383 278 1177 379; baseline 0.003 -2"><span class='ocrx_word' id='word_1_1' title='bbox 383 278 551 377; x_wconf 62' lang='lat' dir='ltr'><strong>creor</strong></span> <span class='ocrx_word' id='word_1_2' title='bbox 578 298 672 375; x_wconf 80' lang='lat' dir='ltr'><strong>VH.</strong></span> <span class='ocrx_word' id='word_1_3' title='bbox 700 321 736 376; x_wconf 85' lang='lat' dir='ltr'><strong>v.</strong></span> <span class='ocrx_word' id='word_1_4' title='bbox 766 308 822 378; x_wconf 89' lang='grc'><strong>19.</strong></span> <span class='ocrx_word' id='word_1_5' title='bbox 849 305 910 376; x_wconf 86' lang='grc'><strong>20.</strong></span> <span class='ocrx_word' id='word_1_6' title='bbox 991 333 994 343; x_wconf 53' lang='lat'><em>0</em></span> <span class='ocrx_word' id='word_1_7' title='bbox 1105 308 1177 379; x_wconf 82' lang='grc'><strong>245</strong></span> 
     </span>
    </p>
   </div>
   <div class='ocr_carea' id='block_1_2' title="bbox 120 461 1263 2071">
    <p class='ocr_par' dir='ltr' id='par_1_2' title="bbox 123 461 1263 1730">
     <span class='ocr_line' id='line_1_2' title="bbox 134 461 1196 553; baseline 0.004 -27"><span class='ocrx_word' id='word_1_8' title='bbox 134 471 277 548; x_wconf 85' lang='lat' dir='ltr'><strong>praestare</strong></span> <span class='ocrx_word' id='word_1_9' title='bbox 290 461 326 527; x_wconf 89' lang='lat' dir='ltr'><strong>id</strong></span> <span class='ocrx_word' id='word_1_10' title='bbox 340 464 428 530; x_wconf 79' lang='lat' dir='ltr'><strong>valet</strong></span> <span class='ocrx_word' id='word_1_11' title='bbox 441 471 516 550; x_wconf 80' lang='lat' dir='ltr'><strong>sp‘es</strong></span> <span class='ocrx_word' id='word_1_12' title='bbox 531 465 748 550; x_wconf 80' lang='lat' dir='ltr'><strong>praestantior</strong></span> <span class='ocrx_word' id='word_1_13' title='bbox 762 486 845 530; x_wconf 89' lang='lat' dir='ltr'><strong>nnnc</strong></span> <span class='ocrx_word' id='word_1_14' title='bbox 856 465 1039 532; x_wconf 87' lang='lat' dir='ltr'><strong>introducta</strong></span> <span class='ocrx_word' id='word_1_15' title='bbox 1051 487 1078 531; x_wconf 77' lang='grc' dir='ltr'><strong>ι.</strong></span> <span class='ocrx_word' id='word_1_16' title='bbox 1094 481 1177 553; x_wconf 84' lang='lat' dir='ltr'><strong>quae</strong></span> <span class='ocrx_word' id='word_1_17' title='bbox 1191 468 1196 477; x_wconf 90' lang='lat'>&#39;</span> 
     </span>
     <span class='ocr_line' id='line_1_3' title="bbox 131 556 1177 654; baseline 0.008 -30"><span class='ocrx_word' id='word_1_18' title='bbox 131 565 332 627; x_wconf 81' lang='lat' dir='ltr'><strong>introducitur.</strong></span> <span class='ocrx_word' id='word_1_19' title='bbox 355 566 402 633; x_wconf 79' lang='grc' dir='ltr'><strong>δι’</strong></span> <span class='ocrx_word' id='word_1_20' title='bbox 420 556 461 644; x_wconf 82' lang='grc' dir='ltr'><strong>ἧς</strong></span> <span class='ocrx_word' id='word_1_21' title='bbox 479 564 653 649; x_wconf 74' lang='grc' dir='ltr'><em>ἐγγίζομεν</em></span> <span class='ocrx_word' id='word_1_22' title='bbox 675 566 726 654; x_wconf 78' lang='grc' dir='ltr'><strong>τῷ,</strong></span> <span class='ocrx_word' id='word_1_23' title='bbox 745 565 830 652; x_wconf 76' lang='grc' dir='ltr'><strong>Θεῷ]</strong></span> <span class='ocrx_word' id='word_1_24' title='bbox 856 590 918 652; x_wconf 81' lang='lat' dir='ltr'><strong>quo</strong></span> <span class='ocrx_word' id='word_1_25' title='bbox 936 590 993 652; x_wconf 84' lang='lat' dir='ltr'><strong>cpe</strong></span> <span class='ocrx_word' id='word_1_26' title='bbox 1015 568 1111 644; x_wconf 72' lang='lat' dir='ltr'><strong>freti</strong></span> <span class='ocrx_word' id='word_1_27' title='bbox 1132 571 1177 632; x_wconf 86' lang='lat' dir='ltr'><strong>od</strong></span> 
     </span>
     <span class='ocr_line' id='line_1_4' title="bbox 130 661 1173 751; baseline 0.005 -26"><span class='ocrx_word' id='word_1_28' title='bbox 130 661 215 728; x_wconf 81' lang='lat' dir='ltr'><strong>Deum</strong></span> <span class='ocrx_word' id='word_1_29' title='bbox 227 665 416 730; x_wconf 79' lang='lat' dir='ltr'><strong>accedimus.</strong></span> <span class='ocrx_word' id='word_1_30' title='bbox 458 663 604 751; x_wconf 84' lang='lat' dir='ltr'><strong>„Christi</strong></span> <span class='ocrx_word' id='word_1_31' title='bbox 618 667 709 729; x_wconf 90' lang='lat' dir='ltr'><strong>enim·</strong></span> <span class='ocrx_word' id='word_1_32' title='bbox 718 664 904 747; x_wconf 83' lang='lat' dir='ltr'><strong>doctrinam,</strong></span> <span class='ocrx_word' id='word_1_33' title='bbox 923 669 952 728; x_wconf 92' lang='lat' dir='ltr'><strong>si</strong></span> <span class='ocrx_word' id='word_1_34' title='bbox 966 666 1052 731; x_wconf 87' lang='lat' dir='ltr'><strong>bona</strong></span> <span class='ocrx_word' id='word_1_35' title='bbox 1067 678 1173 730; x_wconf 86' lang='lat' dir='ltr'><strong>mente</strong></span> 
     </span>
     <span class='ocr_line' id='line_1_5' title="bbox 130 763 1172 847; baseline 0.005 -23"><span class='ocrx_word' id='word_1_36' title='bbox 130 763 342 847; x_wconf 83' lang='lat' dir='ltr'><strong>amplectimur,</strong></span> <span class='ocrx_word' id='word_1_37' title='bbox 352 787 424 830; x_wconf 90' lang='lat' dir='ltr'><strong>cum</strong></span> <span class='ocrx_word' id='word_1_38' title='bbox 434 787 556 828; x_wconf 88' lang='lat' dir='ltr'><strong>summa</strong></span> <span class='ocrx_word' id='word_1_39' title='bbox 563 765 682 829; x_wconf 78' lang='lat' dir='ltr'><strong>fiducia</strong></span> <span class='ocrx_word' id='word_1_40' title='bbox 697 776 729 827; x_wconf 91' lang='lat' dir='ltr'><strong>et</strong></span> <span class='ocrx_word' id='word_1_41' title='bbox 742 768 813 831; x_wconf 85' lang='lat' dir='ltr'><strong>sine</strong></span> <span class='ocrx_word' id='word_1_42' title='bbox 827 766 894 829; x_wconf 91' lang='lat' dir='ltr'><strong>ullo</strong></span> <span class='ocrx_word' id='word_1_43' title='bbox 906 769 1020 830; x_wconf 90' lang='lat' dir='ltr'><strong>timore</strong></span> <span class='ocrx_word' id='word_1_44' title='bbox 1035 767 1172 829; x_wconf 85' lang='lat' dir='ltr'><strong>adorare</strong></span> 
     </span>
     <span class='ocr_line' id='line_1_6' title="bbox 129 860 1170 953; baseline 0.004 -29"><span class='ocrx_word' id='word_1_45' title='bbox 129 860 225 944; x_wconf 87' lang='lat' dir='ltr'><strong>Deum,</strong></span> <span class='ocrx_word' id='word_1_46' title='bbox 248 863 399 953; x_wconf 86' lang='lat' dir='ltr'><strong>laetaque</strong></span> <span class='ocrx_word' id='word_1_47' title='bbox 416 868 522 929; x_wconf 89' lang='lat' dir='ltr'><strong>omnia</strong></span> <span class='ocrx_word' id='word_1_48' title='bbox 535 866 575 930; x_wconf 89' lang='lat' dir='ltr'><strong>ab</strong></span> <span class='ocrx_word' id='word_1_49' title='bbox 589 889 628 930; x_wconf 92' lang='lat' dir='ltr'><strong>eo</strong></span> <span class='ocrx_word' id='word_1_50' title='bbox 642 876 834 950; x_wconf 84' lang='lat' dir='ltr'><strong>exspectare</strong></span> <span class='ocrx_word' id='word_1_51' title='bbox 845 872 1054 951; x_wconf 88' lang='lat' dir='ltr'><strong>possumus.“</strong></span> <span class='ocrx_word' id='word_1_52' title='bbox 1078 863 1170 939; x_wconf 77' lang='lat' dir='ltr'><strong>Quae</strong></span> 
     </span>
     <span class='ocr_line' id='line_1_7' title="bbox 128 949 1170 1052; baseline 0.006 -27"><span class='ocrx_word' id='word_1_53' title='bbox 128 977 186 1027; x_wconf 87' lang='lat' dir='ltr'><strong>sunt</strong></span> <span class='ocrx_word' id='word_1_54' title='bbox 197 965 297 1030; x_wconf 84' lang='lat' dir='ltr'><strong>verba</strong></span> <span class='ocrx_word' id='word_1_55' title='bbox 312 954 439 1052; x_wconf 80' lang='lat' dir='ltr'><strong>chpe&#39;e‘</strong></span> <span class='ocrx_word' id='word_1_56' title='bbox 450 964 492 1028; x_wconf 89' lang='lat' dir='ltr'><strong>ad</strong></span> <span class='ocrx_word' id='word_1_57' title='bbox 510 964 593 1050; x_wconf 86' lang='lat' dir='ltr'><strong>Eph.</strong></span> <span class='ocrx_word' id='word_1_58' title='bbox 612 973 642 1045; x_wconf 85' lang='grc'><strong>3,</strong></span> <span class='ocrx_word' id='word_1_59' title='bbox 659 973 711 1029; x_wconf 87' lang='grc'><strong>12.</strong></span> <span class='ocrx_word' id='word_1_60' title='bbox 728 963 784 1029; x_wconf 89' lang='lat' dir='ltr'><strong>ubi</strong></span> <span class='ocrx_word' id='word_1_61' title='bbox 800 949 935 1050; x_wconf 80' lang='lat' dir='ltr'><strong>legitur:</strong></span> <span class='ocrx_word' id='word_1_62' title='bbox 957 967 992 1032; x_wconf 80' lang='grc' dir='ltr'><strong>ἐν</strong></span> <span class='ocrx_word' id='word_1_63' title='bbox 1005 959 1033 1052; x_wconf 72' lang='grc' dir='ltr'><em>ᾦ</em></span> <span class='ocrx_word' id='word_1_64' title='bbox 1052 961 1170 1050; x_wconf 62' lang='grc' dir='ltr'><strong><em>ἔχομεν</em></strong></span> 
     </span>
     <span class='ocr_line' id='line_1_8' title="bbox 126 1055 1170 1155; baseline 0.001 -29"><span class='ocrx_word' id='word_1_65' title='bbox 126 1063 174 1141; x_wconf 79' lang='grc' dir='ltr'><strong>τήν</strong></span> <span class='ocrx_word' id='word_1_66' title='bbox 185 1062 377 1155; x_wconf 79' lang='grc' dir='ltr'><strong><em>ιισιρῤηὶσιν</em></strong></span> <span class='ocrx_word' id='word_1_67' title='bbox 388 1067 445 1130; x_wconf 85' lang='grc' dir='ltr'><strong>καὶ</strong></span> <span class='ocrx_word' id='word_1_68' title='bbox 461 1062 522 1144; x_wconf 77' lang='grc' dir='ltr'><strong>τήν</strong></span> <span class='ocrx_word' id='word_1_69' title='bbox 536 1063 756 1152; x_wconf 65' lang='grc' dir='ltr'><strong>προσαγωγὴν</strong></span> <span class='ocrx_word' id='word_1_70' title='bbox 764 1055 803 1130; x_wconf 49' lang='grc' dir='ltr'><strong>’ἐν</strong></span> <span class='ocrx_word' id='word_1_71' title='bbox 820 1064 1024 1145; x_wconf 74' lang='grc' dir='ltr'><strong><em>πεποιθήσει</em></strong></span> <span class='ocrx_word' id='word_1_72' title='bbox 1038 1064 1097 1130; x_wconf 75' lang='lat' dir='ltr'><strong>dcci</strong></span> <span class='ocrx_word' id='word_1_73' title='bbox 1110 1067 1170 1143; x_wconf 82' lang='grc' dir='ltr'><strong>τῆς</strong></span> 
     </span>
     <span class='ocr_line' id='line_1_9' title="bbox 126 1161 1170 1255; baseline 0.002 -29"><span class='ocrx_word' id='word_1_74' title='bbox 126 1161 242 1241; x_wconf 80' lang='grc' dir='ltr'><strong><em>πίστεως</em></strong></span> <span class='ocrx_word' id='word_1_75' title='bbox 256 1167 370 1231; x_wconf 71' lang='grc' dir='ltr'><strong>αὐτοῦ.</strong></span> <span class='ocrx_word' id='word_1_76' title='bbox 392 1164 544 1229; x_wconf 87' lang='lat' dir='ltr'><strong>Formulu</strong></span> <span class='ocrx_word' id='word_1_77' title='bbox 555 1165 700 1251; x_wconf 73' lang='grc' dir='ltr'><strong>ἐγγίζειν</strong></span> <span class='ocrx_word' id='word_1_78' title='bbox 712 1168 758 1255; x_wconf 77' lang='grc' dir='ltr'><strong>τῷ</strong></span> <span class='ocrx_word' id='word_1_79' title='bbox 775 1169 845 1253; x_wconf 78' lang='grc' dir='ltr'><strong>Θεῷ</strong></span> <span class='ocrx_word' id='word_1_80' title='bbox 859 1164 1034 1251; x_wconf 84' lang='lat' dir='ltr'><strong>significat:</strong></span> <span class='ocrx_word' id='word_1_81' title='bbox 1060 1165 1170 1228; x_wconf 89' lang='lat' dir='ltr'><strong>Deum</strong></span> 
     </span>
     <span class='ocr_line' id='line_1_10' title="bbox 126 1256 1168 1355; baseline 0.004 -31"><span class='ocrx_word' id='word_1_82' title='bbox 126 1262 196 1329; x_wconf 86' lang='lat' dir='ltr'><strong>adire</strong></span> <span class='ocrx_word' id='word_1_83' title='bbox 208 1265 371 1351; x_wconf 87' lang='lat' dir='ltr'><strong>precibus,</strong></span> <span class='ocrx_word' id='word_1_84' title='bbox 396 1287 538 1330; x_wconf 86' lang='lat' dir='ltr'><strong>exorare</strong></span> <span class='ocrx_word' id='word_1_85' title='bbox 556 1265 621 1330; x_wconf 87' lang='lat' dir='ltr'><strong>sibi</strong></span> <span class='ocrx_word' id='word_1_86' title='bbox 633 1265 698 1328; x_wconf 92' lang='lat' dir='ltr'><strong>Dei</strong></span> <span class='ocrx_word' id='word_1_87' title='bbox 713 1267 860 1330; x_wconf 85' lang='lat' dir='ltr'><strong>favorem</strong></span> <span class='ocrx_word' id='word_1_88' title='bbox 876 1277 910 1328; x_wconf 87' lang='lat' dir='ltr'><strong>et</strong></span> <span class='ocrx_word' id='word_1_89' title='bbox 926 1256 1049 1355; x_wconf 66' lang='lat' dir='ltr'><strong>¹optimc</strong></span> <span class='ocrx_word' id='word_1_90' title='bbox 1069 1288 1168 1351; x_wconf 88' lang='lat' dir='ltr'><strong>quae·</strong></span> 
     </span>
     <span class='ocr_line' id='line_1_11' title="bbox 125 1360 1263 1452; baseline 0.003 -26"><span class='ocrx_word' id='word_1_91' title='bbox 125 1387 171 1449; x_wconf 87' lang='lat' dir='ltr'><strong>qua</strong></span> <span class='ocrx_word' id='word_1_92' title='bbox 190 1389 321 1452; x_wconf 88' lang='lat' dir='ltr'><strong>sperare</strong></span> <span class='ocrx_word' id='word_1_93' title='bbox 348 1368 388 1431; x_wconf 84' lang='lat' dir='ltr'><strong>cf.</strong></span> <span class='ocrx_word' id='word_1_94' title='bbox 410 1377 478 1430; x_wconf 92' lang='lat' dir='ltr'><strong>not.</strong></span> <span class='ocrx_word' id='word_1_95' title='bbox 500 1367 542 1431; x_wconf 88' lang='lat' dir='ltr'><strong>ad</strong></span> <span class='ocrx_word' id='word_1_96' title='bbox 564 1377 596 1447; x_wconf 83' lang='lat'><strong>4,</strong></span> <span class='ocrx_word' id='word_1_97' title='bbox 619 1371 669 1429; x_wconf 89' lang='grc'><strong>16.</strong></span> <span class='ocrx_word' id='word_1_98' title='bbox 699 1374 730 1449; x_wconf 83' lang='grc'><strong>9,</strong></span> <span class='ocrx_word' id='word_1_99' title='bbox 755 1375 785 1432; x_wconf 89' lang='grc'><strong>8.</strong></span> <span class='ocrx_word' id='word_1_100' title='bbox 807 1367 892 1430; x_wconf 84' lang='lat' dir='ltr'><strong>infra</strong></span> <span class='ocrx_word' id='word_1_101' title='bbox 913 1387 945 1431; x_wconf 88' lang='lat' dir='ltr'><strong>v.</strong></span> <span class='ocrx_word' id='word_1_102' title='bbox 963 1373 1014 1433; x_wconf 85' lang='lat'><strong>25.</strong></span> <span class='ocrx_word' id='word_1_103' title='bbox 1030 1371 1091 1451; x_wconf 93' lang='lat' dir='ltr'><strong>pro</strong></span> <span class='ocrx_word' id='word_1_104' title='bbox 1106 1364 1168 1429; x_wconf 87' lang='lat' dir='ltr'><strong>hac</strong></span> <span class='ocrx_word' id='word_1_105' title='bbox 1259 1360 1263 1368; x_wconf 82' lang='grc'>’</span> 
     </span>
     <span class='ocr_line' id='line_1_12' title="bbox 123 1452 1166 1554; baseline 0.004 -30"><span class='ocrx_word' id='word_1_106' title='bbox 123 1463 241 1531; x_wconf 84' lang='lat' dir='ltr'><strong>formula</strong></span> <span class='ocrx_word' id='word_1_107' title='bbox 255 1466 376 1550; x_wconf 83' lang='lat' dir='ltr'><strong>legitur</strong></span> <span class='ocrx_word' id='word_1_108' title='bbox 390 1452 639 1552; x_wconf 73' lang='grc' dir='ltr'><strong><em>προσέρχεσθαι</em></strong></span> <span class='ocrx_word' id='word_1_109' title='bbox 664 1471 710 1554; x_wconf 74' lang='grc' dir='ltr'><strong>τῷ</strong></span> <span class='ocrx_word' id='word_1_110' title='bbox 733 1467 811 1553; x_wconf 72' lang='grc' dir='ltr'><strong>Θιῶ.</strong></span> <span class='ocrx_word' id='word_1_111' title='bbox 857 1459 969 1530; x_wconf 87' lang='lat' dir='ltr'><strong>Minus</strong></span> <span class='ocrx_word' id='word_1_112' title='bbox 997 1456 1084 1531; x_wconf 75' lang='lat' dir='ltr'><strong>recte</strong></span> <span class='ocrx_word' id='word_1_113' title='bbox 1108 1465 1166 1533; x_wconf 84' lang='lat' dir='ltr'><strong>alii</strong></span> 
     </span>
     <span class='ocr_line' id='line_1_13' title="bbox 123 1564 1165 1685; baseline -0.001 -57"><span class='ocrx_word' id='word_1_114' title='bbox 123 1585 179 1630; x_wconf 83' lang='lat' dir='ltr'><strong>cam</strong></span> <span class='ocrx_word' id='word_1_115' title='bbox 201 1566 381 1652; x_wconf 84' lang='lat' dir='ltr'><strong>explicant.</strong></span> <span class='ocrx_word' id='word_1_116' title='bbox 411 1565 518 1685; x_wconf 87' lang='lat' dir='ltr'><strong>Deum</strong></span> <span class='ocrx_word' id='word_1_117' title='bbox 539 1565 663 1649; x_wconf 86' lang='lat' dir='ltr'><strong>colere,</strong></span> <span class='ocrx_word' id='word_1_118' title='bbox 693 1564 767 1633; x_wconf 83' lang='lat' dir='ltr'><strong>ul.</strong></span> <span class='ocrx_word' id='word_1_119' title='bbox 757 1591 792 1635; x_wconf 84' lang='lat' dir='ltr'><strong>tn</strong></span> <span class='ocrx_word' id='word_1_120' title='bbox 809 1565 876 1632; x_wconf 90' lang='lat' dir='ltr'><strong>Dei</strong></span> <span class='ocrx_word' id='word_1_121' title='bbox 895 1569 1009 1632; x_wconf 84' lang='lat' dir='ltr'><strong>favore</strong></span> <span class='ocrx_word' id='word_1_122' title='bbox 1035 1567 1165 1654; x_wconf 88' lang='lat' dir='ltr'><strong>acquie</strong></span> 
     </span>
     <span class='ocr_line' id='line_1_14' title="bbox 123 1684 306 1731; baseline 0 -6"><span class='ocrx_word' id='word_1_123' title='bbox 123 1684 207 1731; x_wconf 81' lang='lat' dir='ltr'><strong>scere.</strong></span> <span class='ocrx_word' id='word_1_124' title='bbox 287 1692 306 1725; x_wconf 70' lang='grc' dir='ltr'><strong><em>ι</em></strong></span> 
     </span>
    </p>

    <p class='ocr_par' dir='ltr' id='par_1_3' title="bbox 120 1767 1163 2056">
     <span class='ocr_line' id='line_1_15' title="bbox 186 1767 1163 1856; baseline 0.008 -26"><span class='ocrx_word' id='word_1_125' title='bbox 186 1774 237 1832; x_wconf 91' lang='grc'><strong>2.0</strong></span> <span class='ocrx_word' id='word_1_126' title='bbox 262 1767 411 1832; x_wconf 84' lang='lat' dir='ltr'><strong>Christus</strong></span> <span class='ocrx_word' id='word_1_127' title='bbox 425 1767 596 1854; x_wconf 87' lang='lat' dir='ltr'><strong>pontifices</strong></span> <span class='ocrx_word' id='word_1_128' title='bbox 606 1769 798 1836; x_wconf 87' lang='lat' dir='ltr'><strong>Iudaeorum</strong></span> <span class='ocrx_word' id='word_1_129' title='bbox 812 1768 1004 1856; x_wconf 85' lang='lat' dir='ltr'><strong>longissime</strong></span> <span class='ocrx_word' id='word_1_130' title='bbox 1019 1778 1163 1854; x_wconf 73' lang='lat' dir='ltr'><strong>superatt</strong></span> 
     </span>
     <span class='ocr_line' id='line_1_16' title="bbox 121 1867 1164 1956; baseline 0.001 -29"><span class='ocrx_word' id='word_1_131' title='bbox 121 1883 177 1930; x_wconf 87' lang='lat' dir='ltr'><strong>nam</strong></span> <span class='ocrx_word' id='word_1_132' title='bbox 190 1867 282 1931; x_wconf 89' lang='lat' dir='ltr'><strong>Dens</strong></span> <span class='ocrx_word' id='word_1_133' title='bbox 297 1869 542 1934; x_wconf 81' lang='lat' dir='ltr'><strong>sacerdotium</strong></span> <span class='ocrx_word' id='word_1_134' title='bbox 532 1873 636 1956; x_wconf 86' lang='lat' dir='ltr'><strong>rpsius</strong></span> <span class='ocrx_word' id='word_1_135' title='bbox 654 1870 862 1932; x_wconf 87' lang='lat' dir='ltr'><strong>iureiurando</strong></span> <span class='ocrx_word' id='word_1_136' title='bbox 886 1873 1080 1955; x_wconf 89' lang='lat' dir='ltr'><strong>interposito</strong></span> <span class='ocrx_word' id='word_1_137' title='bbox 1098 1879 1164 1930; x_wconf 86' lang='lat' dir='ltr'><strong>sta-</strong></span> 
     </span>
     <span class='ocr_line' id='line_1_17' title="bbox 120 1962 1165 2071; baseline 0.002 -45"><span class='ocrx_word' id='word_1_138' title='bbox 120 1962 217 2048; x_wconf 88' lang='lat' dir='ltr'><strong>bilivit,</strong></span> <span class='ocrx_word' id='word_1_139' title='bbox 240 1969 325 2064; x_wconf 84' lang='lat' dir='ltr'><strong>quod</strong></span> <span class='ocrx_word' id='word_1_140' title='bbox 339 1969 533 2034; x_wconf 89' lang='lat' dir='ltr'><strong>Iudaeorum</strong></span> <span class='ocrx_word' id='word_1_141' title='bbox 547 1967 756 2071; x_wconf 83' lang='lat' dir='ltr'><strong>pontificibus</strong></span> <span class='ocrx_word' id='word_1_142' title='bbox 777 1990 843 2032; x_wconf 92' lang='lat' dir='ltr'><strong>non</strong></span> <span class='ocrx_word' id='word_1_143' title='bbox 864 1973 1008 2056; x_wconf 85' lang='lat' dir='ltr'><strong>contigit,</strong></span> <span class='ocrx_word' id='word_1_144' title='bbox 1031 1969 1066 2033; x_wconf 93' lang='lat' dir='ltr'><strong>hi</strong></span> <span class='ocrx_word' id='word_1_145' title='bbox 1087 1969 1165 2029; x_wconf 87' lang='lat' dir='ltr'><strong>sim·</strong></span> 
     </span>
    </p>
   </div>
   <div class='ocr_carea' id='block_1_3' title="bbox 120 2054 1290 2152">
    <p class='ocr_par' dir='ltr' id='par_1_4' title="bbox 120 2054 1290 2152">
     <span class='ocr_line' id='line_1_18' title="bbox 120 2054 1290 2152; baseline 0.002 -25"><span class='ocrx_word' id='word_1_146' title='bbox 120 2063 265 2152; x_wconf 88' lang='lat' dir='ltr'><strong>plicilege</strong></span> <span class='ocrx_word' id='word_1_147' title='bbox 281 2071 446 2132; x_wconf 86' lang='lat' dir='ltr'><strong>constituti</strong></span> <span class='ocrx_word' id='word_1_148' title='bbox 460 2081 534 2133; x_wconf 88' lang='lat' dir='ltr'><strong>sunt</strong></span> <span class='ocrx_word' id='word_1_149' title='bbox 548 2091 583 2133; x_wconf 87' lang='lat' dir='ltr'><strong>v.·</strong></span> <span class='ocrx_word' id='word_1_150' title='bbox 597 2075 661 2133; x_wconf 91' lang='lat'><strong>20·</strong></span> <span class='ocrx_word' id='word_1_151' title='bbox 667 2075 720 2131; x_wconf 90' lang='grc'><strong>22.</strong></span> <span class='ocrx_word' id='word_1_152' title='bbox 736 2054 935 2132; x_wconf 82' lang='lat' dir='ltr'><strong>Sacerdotes</strong></span> <span class='ocrx_word' id='word_1_153' title='bbox 957 2070 999 2133; x_wconf 90' lang='lat' dir='ltr'><strong>ab</strong></span> <span class='ocrx_word' id='word_1_154' title='bbox 1021 2057 1164 2132; x_wconf 86' lang='lat' dir='ltr'><strong>Aaronis</strong></span> <span class='ocrx_word' id='word_1_155' title='bbox 1189 2063 1192 2067; x_wconf 65' lang='grc'><em>’</em></span> <span class='ocrx_word' id='word_1_156' title='bbox 1285 2134 1290 2142; x_wconf 58' lang='grc'>,</span> 
     </span>
    </p>
   </div>
   <div class='ocr_carea' id='block_1_4' title="bbox 109 2167 1242 4057">
    <p class='ocr_par' dir='ltr' id='par_1_5' title="bbox 109 2167 1163 2553">
     <span class='ocr_line' id='line_1_19' title="bbox 120 2167 1163 2254; baseline -0.001 -27"><span class='ocrx_word' id='word_1_157' title='bbox 120 2167 202 2251; x_wconf 84' lang='lat' dir='ltr'><strong>stirpe</strong></span> <span class='ocrx_word' id='word_1_158' title='bbox 218 2169 358 2252; x_wconf 89' lang='lat' dir='ltr'><strong>oriundi,</strong></span> <span class='ocrx_word' id='word_1_159' title='bbox 379 2180 482 2233; x_wconf 90' lang='lat' dir='ltr'><strong>morte</strong></span> <span class='ocrx_word' id='word_1_160' title='bbox 496 2169 714 2254; x_wconf 87' lang='lat' dir='ltr'><strong>impediuntur</strong></span> <span class='ocrx_word' id='word_1_161' title='bbox 727 2180 885 2253; x_wconf 90' lang='lat' dir='ltr'><strong>perpetuo</strong></span> <span class='ocrx_word' id='word_1_162' title='bbox 908 2190 1040 2248; x_wconf 88' lang='lat' dir='ltr'><strong>munere</strong></span> <span class='ocrx_word' id='word_1_163' title='bbox 1057 2167 1163 2248; x_wconf 83' lang='lat' dir='ltr'><strong>fungi,</strong></span> 
     </span>
     <span class='ocr_line' id='line_1_20' title="bbox 120 2260 1163 2355; baseline 0 -29"><span class='ocrx_word' id='word_1_164' title='bbox 120 2260 223 2331; x_wconf 80' lang='lat' dir='ltr'><strong>Christi</strong></span> <span class='ocrx_word' id='word_1_165' title='bbox 245 2289 337 2348; x_wconf 88' lang='lat' dir='ltr'><strong>vero,</strong></span> <span class='ocrx_word' id='word_1_166' title='bbox 367 2273 422 2355; x_wconf 89' lang='lat' dir='ltr'><strong>qui</strong></span> <span class='ocrx_word' id='word_1_167' title='bbox 441 2281 597 2353; x_wconf 87' lang='lat' dir='ltr'><strong>perpetuo</strong></span> <span class='ocrx_word' id='word_1_168' title='bbox 616 2269 708 2346; x_wconf 89' lang='lat' dir='ltr'><strong>vivit,</strong></span> <span class='ocrx_word' id='word_1_169' title='bbox 731 2269 946 2333; x_wconf 87' lang='lat' dir='ltr'><strong>sacerdotium</strong></span> <span class='ocrx_word' id='word_1_170' title='bbox 969 2279 1163 2355; x_wconf 87' lang='lat' dir='ltr'><strong>perpetuum</strong></span> 
     </span>
     <span class='ocr_line' id='line_1_21' title="bbox 109 2352 1161 2447; baseline 0.001 -22"><span class='ocrx_word' id='word_1_171' title='bbox 109 2378 195 2447; x_wconf 19' lang='lat' dir='ltr'><strong>&#39;estc</strong></span> <span class='ocrx_word' id='word_1_172' title='bbox 211 2352 276 2432; x_wconf 81' lang='grc'><strong>23-</strong></span> <span class='ocrx_word' id='word_1_173' title='bbox 283 2375 337 2434; x_wconf 89' lang='grc'><strong>25.</strong></span> <span class='ocrx_word' id='word_1_174' title='bbox 380 2369 530 2433; x_wconf 87' lang='lat' dir='ltr'><strong>Christus</strong></span> <span class='ocrx_word' id='word_1_175' title='bbox 551 2370 704 2434; x_wconf 72' lang='lat' dir='ltr'><strong>vitiorum</strong></span> <span class='ocrx_word' id='word_1_176' title='bbox 726 2366 803 2433; x_wconf 89' lang='lat' dir='ltr'><strong>labe</strong></span> <span class='ocrx_word' id='word_1_177' title='bbox 823 2390 889 2432; x_wconf 94' lang='lat' dir='ltr'><strong>non</strong></span> <span class='ocrx_word' id='word_1_178' title='bbox 914 2371 1161 2444; x_wconf 83' lang='lat' dir='ltr'><strong>contaminatus,</strong></span> 
     </span>
     <span class='ocr_line' id='line_1_22' title="bbox 118 2464 1163 2553; baseline 0 -25"><span class='ocrx_word' id='word_1_179' title='bbox 118 2480 303 2546; x_wconf 81' lang='lat' dir='ltr'><strong>peccatorum</strong></span> <span class='ocrx_word' id='word_1_180' title='bbox 315 2468 559 2551; x_wconf 58' lang='lat' dir='ltr'><strong>dissimillimus</strong></span> <span class='ocrx_word' id='word_1_181' title='bbox 580 2490 645 2532; x_wconf 88' lang='lat' dir='ltr'><strong>non</strong></span> <span class='ocrx_word' id='word_1_182' title='bbox 658 2464 795 2532; x_wconf 83' lang='lat' dir='ltr'><strong>necesse</strong></span> <span class='ocrx_word' id='word_1_183' title='bbox 808 2467 922 2532; x_wconf 86' lang='lat' dir='ltr'><strong>habuit</strong></span> <span class='ocrx_word' id='word_1_184' title='bbox 933 2491 993 2553; x_wconf 88' lang='lat' dir='ltr'><strong>pro</strong></span> <span class='ocrx_word' id='word_1_185' title='bbox 1005 2471 1072 2532; x_wconf 89' lang='lat' dir='ltr'><strong>suis</strong></span> <span class='ocrx_word' id='word_1_186' title='bbox 1085 2487 1163 2551; x_wconf 86' lang='lat' dir='ltr'><strong>pec-¹</strong></span> 
     </span>
    </p>

    <p class='ocr_par' dir='ltr' id='par_1_6' title="bbox 109 2558 1242 4057">
     <span class='ocr_line' id='line_1_23' title="bbox 119 2558 1160 2657; baseline 0.003 -32"><span class='ocrx_word' id='word_1_187' title='bbox 119 2570 181 2631; x_wconf 88' lang='lat' dir='ltr'><strong>catis</strong></span> <span class='ocrx_word' id='word_1_188' title='bbox 194 2569 354 2657; x_wconf 83' lang='lat' dir='ltr'><strong>sacrificia</strong></span> <span class='ocrx_word' id='word_1_189' title='bbox 366 2570 496 2650; x_wconf 88' lang='lat' dir='ltr'><strong>offerre,</strong></span> <span class='ocrx_word' id='word_1_190' title='bbox 509 2569 567 2632; x_wconf 87' lang='lat' dir='ltr'><strong>sed</strong></span> <span class='ocrx_word' id='word_1_191' title='bbox 575 2571 786 2652; x_wconf 88' lang='lat' dir='ltr'><strong>semetipsum</strong></span> <span class='ocrx_word' id='word_1_192' title='bbox 798 2558 873 2632; x_wconf 89' lang='lat' dir='ltr'><strong>Deo</strong></span> <span class='ocrx_word' id='word_1_193' title='bbox 884 2567 1011 2648; x_wconf 88' lang='lat' dir='ltr'><strong>obtulit,</strong></span> <span class='ocrx_word' id='word_1_194' title='bbox 1022 2568 1160 2632; x_wconf 57' lang='lat' dir='ltr'><strong>Iudaeo*</strong></span> 
     </span>
     <span class='ocr_line' id='line_1_24' title="bbox 118 2667 1159 2754; baseline -0.006 -21"><span class='ocrx_word' id='word_1_195' title='bbox 118 2683 288 2734; x_wconf 82' lang='lat' dir='ltr'><strong>runcontra</strong></span> <span class='ocrx_word' id='word_1_196' title='bbox 297 2669 468 2754; x_wconf 85' lang='lat' dir='ltr'><strong>pontifices</strong></span> <span class='ocrx_word' id='word_1_197' title='bbox 474 2672 612 2754; x_wconf 85' lang='lat' dir='ltr'><strong>primum</strong></span> <span class='ocrx_word' id='word_1_198' title='bbox 624 2692 683 2754; x_wconf 90' lang='lat' dir='ltr'><strong>pro</strong></span> <span class='ocrx_word' id='word_1_199' title='bbox 692 2671 771 2750; x_wconf 85' lang='lat' dir='ltr'><strong>suis,</strong></span> <span class='ocrx_word' id='word_1_200' title='bbox 779 2681 846 2734; x_wconf 90' lang='lat' dir='ltr'><strong>tum</strong></span> <span class='ocrx_word' id='word_1_201' title='bbox 856 2691 915 2753; x_wconf 90' lang='lat' dir='ltr'><strong>pro</strong></span> <span class='ocrx_word' id='word_1_202' title='bbox 922 2667 1035 2753; x_wconf 90' lang='lat' dir='ltr'><strong>populi</strong></span> <span class='ocrx_word' id='word_1_203' title='bbox 1043 2686 1159 2752; x_wconf 86' lang='lat' dir='ltr'><strong>pecca-</strong></span> 
     </span>
     <span class='ocr_line' id='line_1_25' title="bbox 119 2759 1159 2854; baseline -0.002 -24"><span class='ocrx_word' id='word_1_204' title='bbox 119 2765 150 2828; x_wconf 82' lang='lat' dir='ltr'><strong>tis</strong></span> <span class='ocrx_word' id='word_1_205' title='bbox 164 2769 342 2834; x_wconf 85' lang='lat' dir='ltr'><strong>sacrificare</strong></span> <span class='ocrx_word' id='word_1_206' title='bbox 355 2770 471 2835; x_wconf 87' lang='lat' dir='ltr'><strong>debent</strong></span> <span class='ocrx_word' id='word_1_207' title='bbox 485 2792 518 2835; x_wconf 78' lang='lat' dir='ltr'><strong>v.</strong></span> <span class='ocrx_word' id='word_1_208' title='bbox 532 2769 657 2835; x_wconf 87' lang='lat' dir='ltr'><strong>26-fin.</strong></span> <span class='ocrx_word' id='word_1_209' title='bbox 677 2769 735 2833; x_wconf 82' lang='grc' dir='ltr'><strong>καὶ</strong></span> <span class='ocrx_word' id='word_1_210' title='bbox 748 2767 833 2836; x_wconf 81' lang='grc' dir='ltr'><strong><em>καθ’</em></strong></span> <span class='ocrx_word' id='word_1_211' title='bbox 846 2767 928 2835; x_wconf 86' lang='grc' dir='ltr'><strong><em>ὅσον</em></strong></span> <span class='ocrx_word' id='word_1_212' title='bbox 943 2767 984 2833; x_wconf 76' lang='lat' dir='ltr'><strong>od</strong></span> <span class='ocrx_word' id='word_1_213' title='bbox 992 2759 1093 2854; x_wconf 73' lang='grc' dir='ltr'><em>χωρὶς</em></span> <span class='ocrx_word' id='word_1_214' title='bbox 1106 2764 1159 2849; x_wconf 80' lang='grc' dir='ltr'><strong>ὁρ·</strong></span> 
     </span>
     <span class='ocr_line' id='line_1_26' title="bbox 119 2867 1159 2957; baseline -0.007 -23"><span class='ocrx_word' id='word_1_215' title='bbox 119 2867 281 2954; x_wconf 75' lang='grc' dir='ltr'><strong><em>κωμοσίιις]</em></strong></span> <span class='ocrx_word' id='word_1_216' title='bbox 295 2880 328 2934; x_wconf 86' lang='lat' dir='ltr'><strong>et</strong></span> <span class='ocrx_word' id='word_1_217' title='bbox 342 2871 496 2957; x_wconf 77' lang='lat' dir='ltr'><strong>quatenoc</strong></span> <span class='ocrx_word' id='word_1_218' title='bbox 508 2873 715 2936; x_wconf 78' lang='lat' dir='ltr'><strong>iureiurando</strong></span> <span class='ocrx_word' id='word_1_219' title='bbox 724 2869 830 2934; x_wconf 84' lang='lat' dir='ltr'><strong>factus</strong></span> <span class='ocrx_word' id='word_1_220' title='bbox 845 2882 894 2934; x_wconf 88' lang='lat' dir='ltr'><strong>est</strong></span> <span class='ocrx_word' id='word_1_221' title='bbox 906 2869 1048 2932; x_wconf 84' lang='lat' dir='ltr'><strong>foederis</strong></span> <span class='ocrx_word' id='word_1_222' title='bbox 1061 2885 1159 2950; x_wconf 86' lang='lat' dir='ltr'><strong>spon-</strong></span> 
     </span>
     <span class='ocr_line' id='line_1_27' title="bbox 118 2968 1158 3049; baseline 0 -19"><span class='ocrx_word' id='word_1_223' title='bbox 118 2983 168 3031; x_wconf 74' lang='lat' dir='ltr'><strong>sor.</strong></span> <span class='ocrx_word' id='word_1_224' title='bbox 184 2971 366 3035; x_wconf 85' lang='lat' dir='ltr'><strong>Cohaerent</strong></span> <span class='ocrx_word' id='word_1_225' title='bbox 379 2970 475 3035; x_wconf 88' lang='lat' dir='ltr'><strong>huius</strong></span> <span class='ocrx_word' id='word_1_226' title='bbox 490 2991 604 3034; x_wconf 86' lang='lat' dir='ltr'><strong>versus</strong></span> <span class='ocrx_word' id='word_1_227' title='bbox 615 2968 715 3033; x_wconf 86' lang='lat' dir='ltr'><strong>verba</strong></span> <span class='ocrx_word' id='word_1_228' title='bbox 733 2991 805 3033; x_wconf 89' lang='lat' dir='ltr'><strong>cum</strong></span> <span class='ocrx_word' id='word_1_229' title='bbox 821 2968 932 3036; x_wconf 88' lang='lat' dir='ltr'><strong>verbis</strong></span> <span class='ocrx_word' id='word_1_230' title='bbox 945 2991 977 3032; x_wconf 91' lang='lat' dir='ltr'><strong>v.</strong></span> <span class='ocrx_word' id='word_1_231' title='bbox 992 2976 1043 3031; x_wconf 93' lang='lat'><strong>22.</strong></span> <span class='ocrx_word' id='word_1_232' title='bbox 1058 2978 1091 3030; x_wconf 90' lang='lat' dir='ltr'><strong>et</strong></span> <span class='ocrx_word' id='word_1_233' title='bbox 1100 2987 1158 3049; x_wconf 84' lang='lat' dir='ltr'><strong>pa·</strong></span> 
     </span>
     <span class='ocr_line' id='line_1_28' title="bbox 116 3067 1159 3155; baseline 0 -27"><span class='ocrx_word' id='word_1_234' title='bbox 116 3070 286 3135; x_wconf 87' lang='lat' dir='ltr'><strong>rentheseos</strong></span> <span class='ocrx_word' id='word_1_235' title='bbox 299 3082 375 3134; x_wconf 88' lang='lat' dir='ltr'><strong>nota</strong></span> <span class='ocrx_word' id='word_1_236' title='bbox 389 3071 565 3155; x_wconf 84' lang='lat' dir='ltr'><strong>signandus</strong></span> <span class='ocrx_word' id='word_1_237' title='bbox 582 3083 632 3134; x_wconf 84' lang='lat' dir='ltr'><strong>est</strong></span> <span class='ocrx_word' id='word_1_238' title='bbox 645 3091 677 3131; x_wconf 86' lang='lat' dir='ltr'><strong>v.</strong></span> <span class='ocrx_word' id='word_1_239' title='bbox 691 3077 743 3133; x_wconf 84' lang='lat'><strong>21.</strong></span> <span class='ocrx_word' id='word_1_240' title='bbox 756 3069 849 3134; x_wconf 85' lang='lat' dir='ltr'><strong>.Cum</strong></span> <span class='ocrx_word' id='word_1_241' title='bbox 861 3067 955 3131; x_wconf 89' lang='lat' dir='ltr'><strong>Deus</strong></span> <span class='ocrx_word' id='word_1_242' title='bbox 971 3071 1065 3147; x_wconf 86' lang='lat' dir='ltr'><strong>iurat,</strong></span> <span class='ocrx_word' id='word_1_243' title='bbox 1074 3068 1159 3128; x_wconf 88' lang='lat' dir='ltr'><strong>indi-</strong></span> 
     </span>
     <span class='ocr_line' id='line_1_29' title="bbox 117 3166 1171 3264; baseline -0.003 -34"><span class='ocrx_word' id='word_1_244' title='bbox 117 3166 156 3230; x_wconf 84' lang='lat' dir='ltr'><strong>cio</strong></span> <span class='ocrx_word' id='word_1_245' title='bbox 172 3183 229 3252; x_wconf 88' lang='lat' dir='ltr'><strong>est,</strong></span> <span class='ocrx_word' id='word_1_246' title='bbox 249 3184 284 3234; x_wconf 89' lang='lat' dir='ltr'><strong>ut</strong></span> <span class='ocrx_word' id='word_1_247' title='bbox 303 3170 385 3235; x_wconf 89' lang='lat' dir='ltr'><strong>bene</strong></span> <span class='ocrx_word' id='word_1_248' title='bbox 399 3175 522 3236; x_wconf 88' lang='lat' dir='ltr'><strong>monuit</strong></span> <span class='ocrx_word' id='word_1_249' title='bbox 531 3171 578 3264; x_wconf 79' lang='lat' dir='ltr'><strong>¹ad</strong></span> <span class='ocrx_word' id='word_1_250' title='bbox 596 3170 854 3252; x_wconf 62' lang='lat' dir='ltr'><strong>hildramnus,</strong></span> <span class='ocrx_word' id='word_1_251' title='bbox 881 3170 1016 3252; x_wconf 82' lang='lat' dir='ltr'><strong>ramagi</strong></span> <span class='ocrx_word' id='word_1_252' title='bbox 1031 3167 1171 3253; x_wconf 60' lang='lat' dir='ltr'><strong>gravis,</strong></span> 
     </span>
     <span class='ocr_line' id='line_1_30' title="bbox 116 3264 1242 3359; baseline -0.004 -26"><span class='ocrx_word' id='word_1_253' title='bbox 116 3265 224 3353; x_wconf 61' lang='lat' dir='ltr'><strong>simam,</strong></span> <span class='ocrx_word' id='word_1_254' title='bbox 246 3273 581 3358; x_wconf 70' lang='lat' dir='ltr'><strong>remmaximipretii,</strong></span> <span class='ocrx_word' id='word_1_255' title='bbox 601 3292 737 3356; x_wconf 87' lang='lat' dir='ltr'><strong>eumque</strong></span> <span class='ocrx_word' id='word_1_256' title='bbox 753 3271 846 3357; x_wconf 86' lang='lat' dir='ltr'><strong>quasi</strong></span> <span class='ocrx_word' id='word_1_257' title='bbox 859 3267 1025 3359; x_wconf 83' lang='lat' dir='ltr'><strong>laborare,</strong></span> <span class='ocrx_word' id='word_1_258' title='bbox 1043 3278 1078 3345; x_wconf 85' lang='lat' dir='ltr'><strong>ut</strong></span> <span class='ocrx_word' id='word_1_259' title='bbox 1098 3264 1156 3329; x_wconf 92' lang='lat' dir='ltr'><strong>ho·</strong></span> <span class='ocrx_word' id='word_1_260' title='bbox 1237 3337 1242 3347; x_wconf 44' lang='lat'><em>‚</em></span> 
     </span>
     <span class='ocr_line' id='line_1_31' title="bbox 114 3366 1157 3455; baseline -0.006 -21"><span class='ocrx_word' id='word_1_261' title='bbox 114 3368 203 3436; x_wconf 77' lang='lat' dir='ltr'><strong>mines</strong></span> <span class='ocrx_word' id='word_1_262' title='bbox 215 3372 362 3445; x_wconf 83' lang='lat' dir='ltr'><strong>credant3</strong></span> <span class='ocrx_word' id='word_1_263' title='bbox 376 3372 416 3435; x_wconf 83' lang='lat' dir='ltr'><strong>cf.</strong></span> <span class='ocrx_word' id='word_1_264' title='bbox 428 3373 523 3435; x_wconf 88' lang='lat' dir='ltr'><strong>etiam</strong></span> <span class='ocrx_word' id='word_1_265' title='bbox 531 3382 598 3434; x_wconf 88' lang='lat' dir='ltr'><strong>not.</strong></span> <span class='ocrx_word' id='word_1_266' title='bbox 611 3371 691 3451; x_wconf 82' lang='lat' dir='ltr'><strong>add,</strong></span> <span class='ocrx_word' id='word_1_267' title='bbox 703 3376 754 3437; x_wconf 86' lang='grc'><strong>17.</strong></span> <span class='ocrx_word' id='word_1_268' title='bbox 768 3369 890 3434; x_wconf 88' lang='lat' dir='ltr'><strong>Verbis</strong></span> <span class='ocrx_word' id='word_1_269' title='bbox 898 3366 938 3451; x_wconf 70' lang='lat' dir='ltr'><strong>oti</strong></span> <span class='ocrx_word' id='word_1_270' title='bbox 949 3366 1157 3455; x_wconf 66' lang='grc' dir='ltr'><strong>γιιρὶςὸρκιοιΔ</strong></span> 
     </span>
     <span class='ocr_line' id='line_1_32' title="bbox 114 3466 1156 3554; baseline -0.005 -18"><span class='ocrx_word' id='word_1_271' title='bbox 114 3468 217 3548; x_wconf 61' lang='lat' dir='ltr'><strong>dociae</strong></span> <span class='ocrx_word' id='word_1_272' title='bbox 232 3472 380 3538; x_wconf 80' lang='lat' dir='ltr'><strong>Storre‘cc</strong></span> <span class='ocrx_word' id='word_1_273' title='bbox 394 3483 500 3535; x_wconf 88' lang='lat' dir='ltr'><strong>mente</strong></span> <span class='ocrx_word' id='word_1_274' title='bbox 512 3471 715 3554; x_wconf 83' lang='lat' dir='ltr'><strong>adiungenda</strong></span> <span class='ocrx_word' id='word_1_275' title='bbox 731 3491 804 3534; x_wconf 85' lang='lat' dir='ltr'><strong>esse</strong></span> <span class='ocrx_word' id='word_1_276' title='bbox 820 3472 930 3535; x_wconf 78' lang='lat' dir='ltr'><strong>statuit</strong></span> <span class='ocrx_word' id='word_1_277' title='bbox 944 3469 1045 3534; x_wconf 89' lang='lat' dir='ltr'><strong>verba</strong></span> <span class='ocrx_word' id='word_1_278' title='bbox 1059 3492 1091 3532; x_wconf 86' lang='lat' dir='ltr'><strong>v.</strong></span> <span class='ocrx_word' id='word_1_279' title='bbox 1105 3466 1156 3532; x_wconf 75' lang='lat'><strong>18.</strong></span> 
     </span>
     <span class='ocr_line' id='line_1_33' title="bbox 114 3562 1156 3656; baseline -0.004 -22"><span class='ocrx_word' id='word_1_280' title='bbox 114 3562 309 3656; x_wconf 75' lang='grc' dir='ltr'><strong><em>ἕιιεισαγωγὴ</em></strong></span> <span class='ocrx_word' id='word_1_281' title='bbox 338 3567 528 3653; x_wconf 76' lang='grc' dir='ltr'><strong><em>κρείττονος</em></strong></span> <span class='ocrx_word' id='word_1_282' title='bbox 554 3568 690 3645; x_wconf 77' lang='grc' dir='ltr'><strong><em>ἐλπίδος</em></strong></span> <span class='ocrx_word' id='word_1_283' title='bbox 709 3568 843 3653; x_wconf 82' lang='grc' dir='ltr'><strong>γίνεται.</strong></span> <span class='ocrx_word' id='word_1_284' title='bbox 884 3571 970 3638; x_wconf 76' lang='lat' dir='ltr'><strong>Lac.</strong></span> <span class='ocrx_word' id='word_1_285' title='bbox 998 3569 1156 3654; x_wconf 76' lang='lat' dir='ltr'><strong>Capellae,</strong></span> 
     </span>
     <span class='ocr_line' id='line_1_34' title="bbox 117 3664 1157 3761; baseline -0.009 -24"><span class='ocrx_word' id='word_1_286' title='bbox 117 3665 304 3761; x_wconf 73' lang='lat' dir='ltr'><strong>Corpzooe‘co·</strong></span> <span class='ocrx_word' id='word_1_287' title='bbox 314 3684 348 3735; x_wconf 85' lang='lat' dir='ltr'><strong>et</strong></span> <span class='ocrx_word' id='word_1_288' title='bbox 366 3664 532 3736; x_wconf 80' lang='lat' dir='ltr'><strong>Sodolze&#39;cc</strong></span> <span class='ocrx_word' id='word_1_289' title='bbox 545 3671 696 3754; x_wconf 86' lang='lat' dir='ltr'><strong>supplent</strong></span> <span class='ocrx_word' id='word_1_290' title='bbox 708 3667 807 3746; x_wconf 75' lang='grc' dir='ltr'><strong>ἐλπίς.</strong></span> <span class='ocrx_word' id='word_1_291' title='bbox 832 3671 984 3758; x_wconf 86' lang='lat' dir='ltr'><strong>Plerique</strong></span> <span class='ocrx_word' id='word_1_292' title='bbox 998 3671 1157 3751; x_wconf 85' lang='lat' dir='ltr'><strong>interpre-</strong></span> 
     </span>
     <span class='ocr_line' id='line_1_35' title="bbox 113 3763 1156 3860; baseline -0.009 -25"><span class='ocrx_word' id='word_1_293' title='bbox 113 3776 154 3837; x_wconf 81' lang='lat' dir='ltr'><strong>tes</strong></span> <span class='ocrx_word' id='word_1_294' title='bbox 174 3771 401 3860; x_wconf 83' lang='lat' dir='ltr'><strong>praeeuntibus</strong></span> <span class='ocrx_word' id='word_1_295' title='bbox 429 3771 628 3836; x_wconf 87' lang='lat' dir='ltr'><strong>Oeoumanio</strong></span> <span class='ocrx_word' id='word_1_296' title='bbox 658 3784 690 3834; x_wconf 89' lang='lat' dir='ltr'><strong>et</strong></span> <span class='ocrx_word' id='word_1_297' title='bbox 712 3770 954 3856; x_wconf 77' lang='lat' dir='ltr'><strong>Theophylacto</strong></span> <span class='ocrx_word' id='word_1_298' title='bbox 976 3763 1156 3833; x_wconf 86' lang='lat' dir='ltr'><strong>subintelli-</strong></span> 
     </span>
     <span class='ocr_line' id='line_1_36' title="bbox 109 3866 1163 3961; baseline -0.011 -22"><span class='ocrx_word' id='word_1_299' title='bbox 109 3888 179 3961; x_wconf 78' lang='lat' dir='ltr'><strong>gunt</strong></span> <span class='ocrx_word' id='word_1_300' title='bbox 196 3871 303 3959; x_wconf 80' lang='grc' dir='ltr'><strong><em>ἱερεύς</em></strong></span> <span class='ocrx_word' id='word_1_301' title='bbox 316 3873 439 3956; x_wconf 84' lang='grc' dir='ltr'><strong>γέγονε.</strong></span> <span class='ocrx_word' id='word_1_302' title='bbox 482 3871 547 3937; x_wconf 86' lang='lat' dir='ltr'><strong>Sed</strong></span> <span class='ocrx_word' id='word_1_303' title='bbox 569 3870 669 3934; x_wconf 87' lang='lat' dir='ltr'><strong>verba</strong></span> <span class='ocrx_word' id='word_1_304' title='bbox 691 3868 776 3935; x_wconf 79' lang='grc' dir='ltr'><strong><em>καθ’</em></strong></span> <span class='ocrx_word' id='word_1_305' title='bbox 791 3866 872 3938; x_wconf 82' lang='grc' dir='ltr'><strong><em>ὅσον</em></strong></span> <span class='ocrx_word' id='word_1_306' title='bbox 894 3879 1039 3956; x_wconf 88' lang='lat' dir='ltr'><strong>spectant</strong></span> <span class='ocrx_word' id='word_1_307' title='bbox 1058 3869 1163 3956; x_wconf 80' lang='lat' dir='ltr'><strong>voces</strong></span> 
     </span>
     <span class='ocr_line' id='line_1_37' title="bbox 110 3967 1158 4057; baseline -0.01 -15"><span class='ocrx_word' id='word_1_308' title='bbox 110 3976 196 4044; x_wconf 82' lang='grc' dir='ltr'><strong><em>κοιτσὶ</em></strong></span> <span class='ocrx_word' id='word_1_309' title='bbox 216 3977 382 4040; x_wconf 82' lang='grc' dir='ltr'><strong><em>τοσοῦτον</em></strong></span> <span class='ocrx_word' id='word_1_310' title='bbox 403 3995 436 4037; x_wconf 87' lang='lat' dir='ltr'><strong>v.</strong></span> <span class='ocrx_word' id='word_1_311' title='bbox 449 3979 502 4036; x_wconf 92' lang='lat'><strong>22.</strong></span> <span class='ocrx_word' id='word_1_312' title='bbox 546 3969 655 4046; x_wconf 79' lang='lat' dir='ltr'><strong>Quare</strong></span> <span class='ocrx_word' id='word_1_313' title='bbox 673 3974 857 4057; x_wconf 55' lang='lat' dir='ltr'><strong>‚rectissime</strong></span> <span class='ocrx_word' id='word_1_314' title='bbox 880 3971 954 4036; x_wconf 81' lang='lat' dir='ltr'><strong>seb.</strong></span> <span class='ocrx_word' id='word_1_315' title='bbox 978 3967 1158 4034; x_wconf 76' lang='lat' dir='ltr'><strong>Schmidicc</strong></span> 
     </span>
    </p>
   </div>
   <div class='ocr_carea' id='block_1_5' title="bbox 101 4058 1159 4263">
    <p class='ocr_par' dir='ltr' id='par_1_7' title="bbox 101 4058 1159 4263">
     <span class='ocr_line' id='line_1_38' title="bbox 105 4058 1158 4158; baseline -0.016 -12"><span class='ocrx_word' id='word_1_316' title='bbox 105 4093 135 4146; x_wconf 88' lang='lat' dir='ltr'><strong>ot</strong></span> <span class='ocrx_word' id='word_1_317' title='bbox 151 4071 300 4143; x_wconf 76' lang='grc' dir='ltr'><strong><em>ΒόΙιιοιιιι</em></strong></span> <span class='ocrx_word' id='word_1_318' title='bbox 320 4074 490 4158; x_wconf 85' lang='lat' dir='ltr'><strong>cogitando</strong></span> <span class='ocrx_word' id='word_1_319' title='bbox 505 4058 671 4138; x_wconf 79' lang='lat' dir='ltr'><strong>adiiciunt:</strong></span> <span class='ocrx_word' id='word_1_320' title='bbox 694 4070 867 4151; x_wconf 78' lang='grc' dir='ltr'><strong><em>διαθήκης</em></strong></span> <span class='ocrx_word' id='word_1_321' title='bbox 882 4068 996 4156; x_wconf 71' lang='grc' dir='ltr'><strong>ἔγγυος</strong></span> <span class='ocrx_word' id='word_1_322' title='bbox 1016 4067 1158 4150; x_wconf 77' lang='grc' dir='ltr'><strong>γέγονεν..</strong></span> 
     </span>
     <span class='ocr_line' id='line_1_39' title="bbox 101 4167 1159 4263; baseline -0.016 -16"><span class='ocrx_word' id='word_1_323' title='bbox 101 4185 176 4254; x_wconf 91' lang='lat' dir='ltr'><strong>Hoc</strong></span> <span class='ocrx_word' id='word_1_324' title='bbox 206 4179 330 4263; x_wconf 86' lang='lat' dir='ltr'><strong>ipsum,</strong></span> <span class='ocrx_word' id='word_1_325' title='bbox 357 4178 461 4262; x_wconf 88' lang='lat' dir='ltr'><strong>inquit</strong></span> <span class='ocrx_word' id='word_1_326' title='bbox 486 4175 646 4258; x_wconf 79' lang='lat' dir='ltr'><strong>demtce,</strong></span> <span class='ocrx_word' id='word_1_327' title='bbox 668 4186 784 4240; x_wconf 85' lang='lat' dir='ltr'><strong>estex</strong></span> <span class='ocrx_word' id='word_1_328' title='bbox 806 4173 975 4256; x_wconf 85' lang='lat' dir='ltr'><strong>scriptoris</strong></span> <span class='ocrx_word' id='word_1_329' title='bbox 1002 4167 1159 4250; x_wconf 84' lang='lat' dir='ltr'><strong>artificiis,</strong></span> 
     </span>
    </p>
   </div>
   <div class='ocr_carea' id='block_1_6' title="bbox 0 0 1320 4740">
    <p class='ocr_par' dir='ltr' id='par_1_8' title="bbox 0 0 1320 4740">
     <span class='ocr_line' id='line_1_40' title="bbox 0 0 1320 4740; baseline 0 6"><span class='ocrx_word' id='word_1_330' title='bbox 0 0 1320 4740; x_wconf 95' lang='lat' dir='ltr'><strong> </strong></span> 
     </span>
    </p>
   </div>
  </div>
 </body>
</html>
