2632 4740
126 265 204 339 203
411 258 579 337 cir-oo
601 262 672 337 VI.
692 214 745 335 ¹v.
768 268 903 340 18.-19.
943 206 947 213 ¹

127 427 229 513 σθαι,
243 424 569 493 αι’ὶασιΔύνετεύύαε
579 428 714 493 monuit
737 423 995 520 καταφυγόντες
1019 423 1190 517 κρατῆσαι

125 529 270 615 plenius:
291 519 375 592 dicct
391 549 443 613 νρ.
451 525 507 592 vel
520 524 576 593 tat
588 528 629 594 τό
642 528 817 617 νἰρατῆσαι.
859 527 1006 595 Verbum
1019 526 1187 617 τιατσφεύ·

125 652 199 714 γειν
210 629 243 693 h.
258 626 282 693 1.
295 648 361 691 non
375 625 537 713 significat
546 629 689 713 ῥᾷστα,
708 630 903 714 confugere,
924 632 991 693 imo
1001 630 1184 713 semicoro·

126 734 280 796 celeriter
300 749 446 808 morere,
465 725 630 807 συντόνως
652 728 790 816 τρέχειν.
832 730 890 794 Sic
909 725 1052 814 φεύγειν
1065 728 1180 816 legitur

126 852 179 916 ap.
199 826 369 914 Aristoph.
382 827 469 893 Plut.
485 834 609 895 ν..417.
635 829 768 894 Pindar'.
783 829 882 912 Pyth.¹
893 828 957 895 od
972 834 1004 895 9.
1025 840 1112 895 extro
1129 827 1175 893 nli

124 952 158 996 v.
174 929 283 995 Sclml.
297 940 331 994 et
340 928 559 995 Alexandrini
571 929 685 1007 Iudaei
699 928 764 994 les.
779 934 881 1012 55,5.=
892 927 1176 1021 uerbum-'taam
1195 988 1200 997 .

124 1052 201 1098 rere
217 1041 451 1115 expresserunt
460 1030 561 1096 uerbo
575 1027 812 1118 καταφεύγειν,
832 1022 1011 1110 utcont8,
1022 1036 1073 1095 14.
1084 1027 1173 1097 mlo

123 1129 267 1221 φεύγειν.
309 1129 359 1194 Ita
373 1152 501 1218 quoque
514 1130 626 1194 Latini
641 1130 695 1193 usi
715 1143 790 1195 runt
804 1130 906 1196 verbo
918 1129 1046 1213 fugere
1063 1149 1097 1207 ,vr
1113 1124 1172 1199 (Β

126 1256 200 1319 app.
216 1232 257 1297 ad
269 1230 347 1298 Diu.
361 1235 392 1311 7,
407 1235 500 1295 26.1.
523 1230 590 1295 Sed
605 1226 860 1316 καταφυγόντες
873 1231 1044 1317 κρατῆσαι
1055 1230 1170 1317 grauius

125 1335 245 1398 dictum
257 1342 308 1396 est
319 1352 379 1416 pro
392 1332 426 1398 οἱ
438 1330 616 1410 ζητοῦντες
629 1332 810 1419 κρατῆσαι,
830 1316 1002 1417 σσίφοᾱεί
1022 1330 1166 1397 contad-

124 1455 193 1501 mor
213 1433 284 1498 Cic.
296 1431 408 1518 Lignr.
423 1438 455 1498 3.
478 1431 543 1508 Quo·
557 1436 706 1513 τιασύια,
728 1439 833 1518 inquot
855 1430 1090 1518 (Chrysippea),
1108 1447 1167 1495 cot·
1203 1472 1205 1481 =

60 1596 63 1601 .
99 1550 101 1555 ·
123 1541 182 1616 rit,
203 1540 330 1600 eot'to‘et
343 1535 535 1599 contendere
548 1532 651 1615 debet,
673 1554 766 1620 quom
778 1537 918 1597 mucione
929 1539 1048 1616 poerit,
1067 1535 1166 1597 dori·

125 1647 191 1701 cat.
217 1633 366 1699 Verbum
384 1644 490 1698 autam
502 1635 640 1722 κρατεῖν
651 1635 738 1722 quod
750 1631 867 1697 referri
881 1630 979 1696 debet
991 1632 1034 1696 ad
1048 1626 1165 1702 ttottc

124 1757 190 1798 non
202 1733 364 1820 siguificat
376 1741 530 1815 rotmaro,
542 1747 577 1799 ut
590 1733 735 1799 nonnulli
745 1731 869 1811 volunt,
877 1731 943 1797 sod
950 1739 1070 1816 potiri,
1083 1738 1166 1817 o'ropt·
1188 1740 1205 1799 .1

124 1845 228 1913 trare,
249 1833 394 1901 obtinere
414 1845 450 1898 ut
468 1833 541 1899 Act.
557 1838 609 1916 27,
625 1840 675 1898 13.
705 1832 764 1913 τῆς
785 1831 991 1919 προθέσεως.
1019 1832 1113 1898 Pror·
1125 1836 1166 1911 14·
1195 1822 1205 1863 '⁴

93 1941 176 2002 ..18.
196 1928 401 2013 αἰσθήσεως.
998 1960 1024 1997 ,·
1160 1920 1171 1997 J

209 2042 260 2127 19.
280 2033 334 2098 Ab
344 2037 487 2120 imagine
501 2035 686 2101 certaminis
704 2037 843 2119 praemii
854 2035 890 2097 in
905 2033 1011 2098 stadio
1023 2024 1165 2118 propositi

124 2138 267 2203 defertur
285 2137 424 2221 scriptor
436 2135 825 2223 adimaginem-aucorae.
861 2134 916 2199 Sic
929 2134 1095 2199 etPaulus
1106 2148 1164 2196 sot·
1203 2202 1205 2225 =

123 2241 199 2324 pius
218 2236 259 2301 ab
277 2257 342 2300 nna
361 2237 503 2322 imagine
526 2238 570 2303 ad
594 2236 739 2317 alteram,
764 2248 797 2300 et
815 2257 836 2299 a
858 2238 961 2320 priori
973 2238 1114 2302 maxime
1126 2230 1165 2295 ti
1203 2300 1205 2306 ,

121 2360 251 2403 verram
267 2322 392 2402 transit.
435 2336 592 2402 Conferre
605 2337 730 2402 iuvabit
744 2358 827 2422 quae
839 2336 923 2400 hanc
935 2338 970 2400 in
982 2358 1054 2402 rem
1068 2334 1166 2418 disput·-
1201 2324 1205 2379 i

122 2441 208 2504 tavit*
221 2438 370 2505 Βανενντ
385 2441 421 2503 in
438 2436 611 2503 Rhetorica
625 2437 762 2502 Paulina
780 2435 858 2502 Vol.
868 2445 900 2501 2.
919 2456 952 2521 p.
965 2443 1030 2503 459
1049 2456 1117 2521 sqq.
1130 2427 1162 2512 ἓν
1198 2392 1205 2559 l

121 2541 211 2604 reler
223 2538 264 2603 ad
280 2535 411 2619 ἐλπίδα,
433 2538 519 2625 quod
534 2539 725 2603 vocabulum
738 2540 887 2623 proxime
906 2538 1095 2623 praecessit,
1112 2550 1161 2597 nou
1201 2568 1205 2593 ι

119 2641 164 2704 'ad
176 2661 294 2711 nomen
307 2637 520 2725 rapiciorum
535 2660 672 2726 quocum
694 2638 842 2704 nonnulli
865 2640 963 2703 etiam
983 2639 1161 2720 coniungunt
1200 2596 1205 2741 l

72 2768 75 2775 ·
120 2742 327 2828 participium
345 2741 432 2828 quod
453 2743 597 2827 sequitur
616 2734 857 2827 εἰσερχομένην.
905 2738 973 2802 Sed
993 2759 1067 2802 roc.
1085 2731 1161 2805 licit
1200 2754 1205 2847 j

123 2842 208 2930 quod
217 2865 250 2907 v.
268 2849 318 2907 18.
338 2864 399 2927 per
413 2842 640 2924 metonymiam
658 2863 729 2905 rem
749 2852 911 2926 speratam
931 2837 1086 2920 declarat,
1104 2828 1159 2901 lul

50 3008 54 3014 .
122 2965 208 3030 opero
228 2946 334 3028 ipsam
353 2943 485 3007 indicat.
533 2939 649 3028 Neque
672 2940 885 3025 scriptoribus
908 2941 1011 3004 sacris
1033 2935 1158 3003 imolen

123 3054 183 3122 est,
197 3042 283 3106 idem
293 3041 485 3107 vocabulum
497 3040 610 3106 eodem
621 3040 695 3107 loco
710 3042 841 3106 diverso
855 3061 954 3105 sensu
964 3060 1096 3126 ponere.
1116 3035 1160 3099 sio
1183 3056 1187 3067 ·

120 3140 217 3217 ἐλπὶς
230 3141 352 3227 duplici
364 3163 462 3208 sensu
475 3140 594 3226 legitur
606 3141 699 3208 Rom.
713 3148 744 3223 8,
755 3149 807 3207 24.
827 3161 945 3204 nomen
959 3136 1054 3205 cirola
1061 3132 1156 3203 Mutila

122 3247 234 3322 10,12.
257 3242 386 3308 domum
399 3242 573 3328 siguificat,
595 3244 654 3307 sed
668 3244 709 3307 ad
718 3263 897 3328 pronomen
909 3237 1017 3320 αύτὴν
1028 3249 1155 3325 repeter-

122 3340 207 3422 dum,
231 3364 289 3408 eos
305 3346 360 3429 qui
373 3345 408 3407 in
421 3343 516 3408 domo
530 3353 603 3406 sunt
619 3341 810 3407 etlrabitant
824 3343 865 3408 cf.
883 3341 1030 3408 θύσειαν
1044 3363 1077 3426 p.
1092 3337 1155 3403 itti

121 3461 170 3527 sq.
194 3439 343 3509 Sicorim
365 3441 463 3508 Obss.
486 3440 527 3505 ad
550 3440 639 3524 Synt.
663 3465 696 3528 p.
716 3449 790 3509 427.
806 3441 886 3507 Joh.
909 3449 940 3523 1,
961 3446 1015 3508 33.
1036 3439 1091 3506 ubi
1105 3451 1156 3501 ut

119 3541 213 3607 nobis
227 3554 346 3608 notata.
367 3537 411 3622 ἣν
423 3541 464 3618 ὥς
474 3537 625 3630 ἄγκυραν
639 3540 758 3630 ἔγαμεν
772 3543 832 3622 τῆς
842 3542 952 3628 ψυχῆς
965 3530 1161 3631 α’σφαλῆκύ

119 3644 279 3731 βεβαίαν]
301 3665 394 3732 pocot
414 3652 563 3728 tanquam
582 3664 733 3710 cocorum
754 3650 857 3710 ocimo·
874 3651 976 3707 tuturo
994 3653 1032 3708 et
1043 3638 1156 3718 fimo!

20 3774 23 3781 ·
120 3745 276 3812 ύσύινεντ.
317 3743 475 3830 Perquam
494 3743 680 3828 frequenter
698 3745 796 3809 etiam
815 3745 990 3829 scriptores
1007 3742 1156 3824 utrinoqot

119 3843 251 3930 linguae
268 3845 375 3909 exteri
388 3865 480 3929 spem
500 3864 686 3927 comparare
699 3842 805 3908 solent
823 3866 896 3908 cum
910 3863 1031 3907 ancora
1042 3832 1158 3907 Heliod-

120 3949 152 4009 7.
164 3967 197 4029 p.
211 3951 284 4010 351.
310 3944 453 4008 Comi.
468 3941 592 4027 οὶγεται
604 3941 648 4008 τύ
666 3941 755 4009 καθ’
772 3940 875 4028 ἡμᾶς,
897 3941 981 4033 ἔφη,
1004 3936 1162 4029 Χαριτλύσ

119 4078 162 4093 -
175 4045 270 4111 πᾶσα
286 4040 565 4127 ἐλαίδοαᾶγκνρα
581 4041 753 4120 παντοίως
769 4044 981 4110 α’νέσνιασται
1000 4054 1108 4111 oetan
1123 4045 1164 4107 etl

121 4148 162 4212 dc
181 4152 303 4216 oortrc‘r
322 4144 433 4230 rebor,
454 4152 574 4234 inquot,
600 4145 769 4218 vtato-teo
786 4182 829 4226 ,-
847 4152 947 4216 omnio
963 4154 1041 4236 oper·
1058 4162 1169 4217 ΜΝ
