2604 4746
358 302 523 387 C'nrur
549 310 597 384 X.
634 317 757 415 ν.34.
779 317 844 386 35.
1061 292 1150 393 381⁴
1202 392 1206 405 ,

101 479 213 564 scriptor
229 477 269 540 de
286 496 322 539 se
337 478 411 560 ipso
425 474 552 539 locutus
567 476 663 539 estin
679 494 812 540 numero
826 475 985 563 singulari
998 499 1031 544 v.
1048 480 1138 547 Wei-

101 590 159 644 ιλιι.
180 576 357 641 Confirmat
372 576 510 661 denique
524 577 621 639 etiam
629 573 802 639 lectionem
817 574 966 662 δεσμίοις
980 584 1137 647 orationis

100 700 180 745 renus
197 691 230 742 et
242 676 335 742 locus
352 683 403 756 13,
416 683 447 740 3.
464 674 522 739 καὶ
536 675 598 753 την
614 673 772 760 άρποιγην
789 698 820 740 κ.
835 700 863 742 τ.
877 678 923 764 λ]
938 688 971 744 et
986 680 1136 748 bonorem

100 790 251 857 scottorum
263 787 412 864 rapinam
427 775 617 844 laetabunde·
628 780 824 862 pertulistis,
843 778 931 846 laed
947 785 1061 863 ignari
1080 805 1137 848 cor

100 879 327 960 selioro'bona,
349 899 449 964 eoqtce
466 887 627 964 perpetuo
657 879 817 943 duraturo
836 884 883 944 ιἰι
898 883 985 946 coelo
1005 879 1135 949 latere.

99 980 325 1064 ιροσὸἑχεσθαι
343 977 376 1042 h.
394 976 417 1042 l.
433 987 537 1042 notat:
552 975 665 1054 ferre,
686 979 843 1059 tolerare,
866 1000 929 1064 quo
953 979 1137 1065 significatu
1235 1061 1244 1071 ἱ

99 1085 194 1167 iegitur
209 1083 245 1150 in
264 1079 415 1143 versione
439 1074 665 1142 Alexandrina
687 1075 768 1140 Gen.
786 1083 837 1161 32,
854 1085 905 1145 20.
935 1078 1000 1145 Ex.
1017 1087 1067 1162 10,
1085 1088 1136 1150 17.

99 1182 182 1246 levit.
195 1187 248 1262 26,
261 1186 314 1246 43.
337 1173 510 1263 κρείττονα
530 1170 676 1264 ὕπαρξιν
697 1179 822 1242 maiora
844 1191 882 1243 et
900 1184 1138 1263 praestantiora

98 1304 172 1362 rona,
194 1278 389 1364 θησανροάς
405 1276 523 1342 March.
540 1283 633 1358 6,19«
644 1283 696 1342 20.
717 1275 884 1361 μένουσαν
896 1302 1033 1366 quorum
1047 1281 1137 1348 nulla

98 1379 348 1466 ipnayn'13‚14.
369 1373 512 1464 άπαρξις
532 1379 654 1449 indicat
672 1376 772 1455 bono,
790 1378 994 1462 focultolec,
1023 1395 1059 1446 ut
1081 1405 1135 1470 ap.

98 1476 240 1547 Plutarch.
261 1479 502 1566 Apophthegm.
525 1479 649 1544 Lacon.
675 1501 703 1543 o.
725 1484 775 1544 12.
793 1482 823 1556 ἱ.
839 1485 871 1544 2.
891 1478 1087 1548 Artemidos.
1101 1488 1137 1566 3,

97 1589 130 1647 23.
150 1582 261 1664 Polyb.
278 1585 378 1661 2,27.
396 1586 445 1643 11.
467 1578 669 1662 Hesyclriuss
690 1569 845 1664 ἀπορξις,
867 1577 978 1647 occia
1020 1584 1083 1650 Pro
1100 1583 1137 1650 ἒν
1230 1657 1233 1663 ,

97 1679 206 1758 ἱοντοῖς
220 1685 262 1744 ‘in
284 1679 360 1744 aliis
380 1677 474 1742 libris
497 1674 686 1764 simpliciter
703 1678 824 1765 legitur
844 1675 986 1763 ἕάντοῖς,
1005 1685 1039 1747 in
1061 1682 1136 1749 aliis

97 1781 223 1858 ἶνιτοάς,
243 1782 517 1867 praepositionem
531 1779 566 1845 ἐν
581 1780 776 1845 induxerunt
790 1791 822 1844 et
835 1780 1035 1848 sustulerunt
1049 1783 1135 1850 Beu-

96 1889 192 1965 pelc'uc‚
224 1882 469 1962 Graeclaclics,
497 1881 717 1958 Muttlteee'uc,
743 1881 936 1968 Ιῦνσρρέντ,
974 1881 1137 1963 Saluum,

96 1985 200 2047 uncinis
222 1982 352 2050 inclusit
371 1983 534 2068 Vaterno„
562 1979 626 2057 Qui
649 1979 684 2045 ἐν
708 1977 840 2057 ἑαυτοῖς
860 1984 1010 2063 retinent,
1036 1983 1136 2047 verba
1241 1996 1250 2013 '

96 2086 213 2148 traiecta
230 2094 262 2147 et
279 2083 494 2147 construenda
508 2102 582 2146 esse
602 2093 744 2161 monent,
765 2081 981 2168 γινώσκοντες
1004 2083 1040 2149 ἐν
1060 2082 1136 2148 εὀιν-

97 2181 252 2272 τοῑςῖχειν.
298 2184 364 2249 Sed
378 2205 457 2248 vera
466 2182 563 2247 lectio
579 2193 630 2246 est
649 2179 790 2262 ἑαυτοῖς,
810 2182 908 2248 lectio
929 2181 1079 2266 ἑαυτούς,
1100 2196 1136 2247 ut

98 2285 229 2350 etaltera
242 2284 277 2350 ἐν
291 2281 430 2364 ἑαυτοῖς,
452 2284 504 2347 cui
515 2302 574 2345 nec
587 2280 623 2346 ἐν
638 2278 793 2367 οὐρανοῖς
815 2283 900 2369 quod
920 2288 1068 2371 sequitur
1085 2283 1135 2349 fa·

97 2397 146 2466 ret,
166 2387 325 2470 originem
348 2405 439 2448 suam
464 2381 560 2447 (lebet
586 2385 817 2468 grammaticis.
858 2383 919 2448 Est
939 2398 1045 2467 autem
1061 2383 1162 2453 ἕσιν·-
1224 2395 1231 2403 ’

97 2488 149 2562 τοῖς
162 2487 300 2566 dativus,
322 2507 417 2571 quem
429 2496 545 2548 vocant
560 2484 729 2573 commodi,
743 2493 927 2570 repositam,
941 2487 1135 2555 declinatam

95 2586 163 2653 ιολιι
177 2586 306 2653 labere.
839 2674 843 2679 .

101 2735 103 2743 ,
162 2693 214 2752 35.
234 2685 280 2771 μη
305 2682 504 2771 ἀποβάλητε
526 2707 546 2748 a
560 2685 703 2773 Vulgato
723 2687 884 2768 redditur:
905 2710 946 2756 ne
964 2697 1135 2756 nmrltals'c.

96 2783 224 2851 Verbum
236 2784 449 2877 ἀποβάλλειν
461 2799 495 2849 ut
515 2787 555 2849 sit
572 2793 732 2880 cocturam
747 2791 882 2871 fucere,
902 2798 1063 2872 amittere,
1085 2790 1135 2855 le·
1197 2787 1202 2797 ⁴

95 2888 164 2970 gitur
179 2910 232 2972 ap.
246 2885 320 2950 Ael.
339 2885 382 2950 H.
395 2885 439 2951 V.
454 2895 486 2967 4,
501 2892 532 2951 8.
566 2888 730 2974 Ἀμύντας
747 2889 933 2974 ἀποβολῶν
954 2890 1017 2970 την
1030 2889 1137 2978 ἀρχήν

95 2996 192 3082 conso
213 3009 324 3071 regno.
353 2986 489 3054 Herodi.
513 2993 545 3071 7,
568 2996 692 3056 1213.
722 2988 955 3076 ἀποβαλόντες
974 2982 1133 3075 κτήματα

93 3096 200 3154 mnas
215 3090 476 3176 porrectionibus.
509 3089 557 3155 ld.
577 3098 608 3171 2,
631 3095 662 3155 0.
683 3097 714 3156 3.
741 3091 870 3179 ποτέρα
891 3114 929 3157 τε
951 3088 1054 3170 ἤπιον
1076 3092 1135 3155 καὶ

92 3188 219 3274 χρηστὸν
231 3189 425 3278 προστάτην
447 3188 678 3276 ἀποβαλόντες
691 3204 829 3278 parente
849 3199 923 3258 ιιιίιι·
938 3203 972 3259 et
984 3198 1135 3280 princepe

93 3282 156 3354 lonc
170 3297 295 3357 amisso
318 3292 391 3357 adl.
415 3291 503 3356 Xen.
521 3292 597 3375 Cpr.
611 3286 688 3371 3‚'3.
702 3298 755 3357 45.
772 3305 804 3356 et
819 3293 861 3356 ef.
886 3293 1069 3359 Loecnerus
1093 3293 1135 3356 acl
1248 3360 1250 3365 ,

94 3383 147 3454 l.l.
189 3391 257 3456 Sed
268 3394 372 3477 prima
393 3415 431 3455 ac
447 3394 578 3477 propria
592 3391 685 3456 verbi
707 3391 919 3477 ἀποβάλλειν
940 3390 1134 3479 significatio

94 3491 296 3573 rotabilem,
317 3495 363 3556 ita
386 3505 475 3557 extat
491 3515 542 3577 ap.
564 3490 639 3557 Ael.
660 3491 705 3556 H.
728 3490 772 3554 V.
788 3485 840 3576 12,
855 3499 906 3557 38.
930 3485 1031 3569 ἵππος
1049 3494 1134 3559 ἀπο-

95 3587 199 3668 βάλλει
214 3591 274 3659 τόν
288 3590 455 3672 δεσπότην
464 3613 562 3678 epuns
576 3600 704 3660 exercit
715 3615 879 3659 sessorem.
901 3593 1035 3659 Lucian.
1045 3592 1134 3658 Dial.

95 3683 176 3756 Mort.
201 3699 250 3758 10.
270 3717 303 3780 p.
321 3700 395 3759 278.
410 3693 451 3757 Τ.
468 3701 495 3757 1.
521 3692 639 3758 Graec.
662 3693 706 3758 τά
728 3690 853 3759 ἔπιπλα
876 3691 1062 3776 ἀποβαλών
1082 3715 1134 3758 ιν·
1184 3758 1189 3765 ,

93 3795 265 3869 pellectum
279 3795 407 3860 obiecit.
428 3795 491 3858 les.
509 3799 537 3872 1,
549 3798 601 3857 30.
624 3792 827 3879 τερέβινθος
841 3794 867 3873 ἡ
875 3792 1134 3879 ἀποβεβληκυῖα

96 3887 129 3951 τά
143 3890 255 3979 φύλλα
270 3894 464 3960 terebinthus
479 3892 657 3979 quoefolc‘n
670 3893 795 3959 abiecit.
839 3893 983 3959 Graecae
996 3892 1133 3957 locutio·

99 3989 302 4080 circapondet
318 3995 434 4059 Latina
454 4001 589 4059 unimam
610 3993 750 4060 obiecere
773 4017 825 4080 ap.
840 3994 971 4058 Petron.
987 4017 1014 4059 c.
1030 4000 1082 4059 74.
1099 3994 1131 4057 h.

101 4104 123 4150 t·
138 4112 166 4157 sa
182 4097 290 4181 ipsum
309 4099 376 4161 vita
399 4094 551 4179 spoliare.
596 4093 689 4172 Quae
715 4093 903 4172 abiicimus,
928 4108 1132 4159 contemnere

102 4186 228 4280 ¹⁰lenus,
249 4195 324 4264 hinc
340 4193 550 4283 ἀποβάλλειν
567 4198 667 4264 etiam
681 4197 825 4264 denotat:
847 4206 1060 4280 contemnere,
1071 4214 1132 4264 re·
