2632 4740
203 369 229 438 2
561 311 726 433 Carus
750 357 781 432 1.
816 361 856 433 v.
882 363 914 430 l.

96 572 100 576 -
136 607 143 614 ⁸
204 528 263 594 elii
282 526 472 611 πολυμερῶς
491 523 770 610 explicantodrc'e'r
789 521 997 610 temporibus,
1018 521 1098 586 haec
1113 523 1199 587 enim
1212 543 1271 586 vo·

205 625 313 694 cabuli
330 626 417 689 notio
429 621 563 711 probari
577 626 707 712 nequit,
727 636 760 689 et
773 645 875 712 aeque
888 622 972 688 male
991 620 1209 708 πολυτρόπως
1228 621 1272 686 ad

205 732 368 795 diversum
381 721 549 790 revelandi
561 726 690 790 modum
702 725 861 806 referunt,
890 737 926 788 ut
943 721 1162 809 intelligantur
1174 743 1271 786 reve-

204 824 361 906 lationes,
381 845 463 912 quae
476 847 534 911 per
547 827 636 906 visa,
655 828 782 892 somnia
795 838 855 889 etc.
869 824 1036 911 prophetis
1055 824 1270 909 contigenmt.

205 928 352 996 Verbum
365 927 450 991 enim
457 924 607 1006 λαλήσας
615 947 679 990 non
692 938 757 992 tam
770 926 908 992 refertur
920 924 961 989 ad
973 923 1159 1010 prophetas,
1173 944 1271 1008 quam

205 1032 315 1120 potius
335 1026 376 1091 ad
394 1024 560 1114 πατέρας,
594 1047 699 1113 neque
723 1028 806 1091 adeo
825 1027 1036 1090 institutionis
1054 1024 1175 1104 forma,
1210 1021 1270 1086 sed

205 1134 312 1219 ipsum
324 1137 546 1214 argumentum
560 1128 760 1213 designatum
784 1138 816 1191 et
829 1124 973 1190 dubitari·
988 1144 1051 1188 non
1071 1135 1179 1209 potest
1192 1125 1271 1209 quin

206 1227 401 1308 Dindorfisr
413 1239 501 1295 recte
513 1226 641 1306 viderit,
654 1226 792 1291 indicari
805 1225 914 1291 verbis
929 1225 1121 1312 πολυμερῶς
1136 1225 1195 1288 καὶ
1209 1246 1270 1288 πο·

207 1327 378 1418 λυτρόπυς
397 1328 438 1417 in
451 1329 638 1391 universum
651 1329 839 1392 varietatem
857 1347 964 1391 rerum
986 1347 1024 1390 ac
1042 1326 1270 1404 doctrinarum,

207 1453 290 1524 ques
307 1427 401 1495 Deus
423 1425 559 1490 subinde
578 1429 637 1512 per
655 1426 828 1512 prophetas
849 1426 1029 1512 praedicari
1052 1426 1158 1488 iussit.
1203 1423 1270 1490 Ne·

205 1556 270 1622 que
291 1529 444 1595 assentiri
466 1546 599 1610 possum
623 1525 812 1612 Seffertdo
840 1529 880 1591 de
907 1549 958 1612 ep.
981 1547 1063 1612 qnae
1092 1526 1208 1589 dicitur
1230 1524 1273 1588 ed

203 1632 381 1703 'Hebraeos
399 1624 510 1691 indole
531 1624 689 1711 peculiari
711 1650 742 1713 p.
766 1634 816 1695 30.
841 1630 896 1715 qui
916 1627 948 1692 h.
970 1625 993 1690 l.
1016 1646 1198 1691 sermonem
1219 1647 1272 1688 es-

208 1755 245 1799 se
270 1743 368 1819 putet
394 1729 435 1793 de
465 1725 605 1791 oraculis
635 1728 879 1813 prophetarum,
915 1749 998 1813 quae
1027 1725 1174 1790 Messias
1200 1737 1272 1789 tan-

207 1846 286 1921 gant
315 1831 487 1896 adventum
515 1825 610 1914 atque
637 1826 797 1910 indolem,
819 1832 889 1894 ¹imo
918 1829 958 1892 de
987 1849 1099 1893 eorum
1127 1825 1275 1891 doctrina

204 1955 316 1999 sermo
339 1944 407 2011 est,
435 1949 517 2014 quae
537 1927 683 1992 Messias
704 1929 867 1994 doctrinae
887 1929 1116 2014 praestantiori
1136 1927 1274 2013 opponi·

206 2048 269 2098 tur.
297 2028 495 2095 Adverbium
511 2025 713 2110 trellanense
727 2032 759 2094 ei
772 2027 1100 2117 opponatur-formula
1114 2028 1164 2092 ἐπ’
1176 2026 1272 2113 ἐσχά-

155 2118 156 2122 Ὶ
204 2158 268 2201 που
281 2132 344 2204 τῶν
355 2128 493 2217 ἡμερῶν,
509 2127 551 2192 V.
565 2127 605 2193 Τ.
618 2142 763 2219 tempora
775 2130 926 2197 declarat.
949 2130 1065 2196 ledeia
1076 2131 1110 2192 in
1124 2128 1185 2193 hac
1197 2149 1271 2191 ora·

194 2235 307 2299 'tionis
321 2216 408 2297 serie
420 2241 522 2293 notat:
545 2232 671 2312 docere,
682 2240 855 2298 instituere
866 2245 900 2294 ut
913 2231 991 2296 Luc.
1007 2237 1037 2312 5,
1052 2237 1082 2296 3.
1096 2239 1128 2294 4.
1151 2231 1224 2294 Act.
1240 2233 1272 2310 8,

193 2341 260 2400 aa.
276 2332 318 2397 al.
341 2330 395 2396 De
416 2328 601 2392 discrimine
620 2330 792 2395 verborum
812 2331 929 2397 λαλεῖν
947 2344 979 2395 et
1001 2331 1111 2415 λέγειν
1127 2353 1159 2394 ν.
1174 2329 1273 2396 Bret·
1295 2393 1299 2400 .

202 2427 394 2500 schramm
405 2429 554 2494 Lexicon
573 2428 727 2494 Manuale
748 2452 774 2494 s.
790 2452 822 2494 v.
839 2431 964 2498 λαλεῖν.
1006 2431 1059 2495 Ad
1079 2441 1194 2496 vocem
1207 2455 1279 2497 πα-.

187 2531 327 2620 πράσου
340 2548 516 2615 pronomen
530 2525 623 2614 ἡμῶν
633 2532 668 2594 in
681 2530 844 2596 nonnullis
861 2531 952 2595 codd.
968 2554 991 2607 e,
999 2523 1195 2618 glossemate
1215 2533 1273 2597 ad.-

117 2689 118 2692 ,
200 2633 311 2695 «litum
323 2628 456 2714 legitur.
466 2629 505 2695 ἐν.
514 2631 585 2706 τοῖς
597 2629 940 2722 προφήταιςιιοηηιιλλί
948 2631 1130 2718 explicant:
1148 2640 1183 2698 e'n
1189 2655 1273 2719 pro·

201 2731 330 2822 φλνίῖο,
341 2736 376 2794 in
387 2736 518 2815 tertiatio
524 2731 758 2817 prophetarum
771 2754 802 2796 v.
817 2733 931 2797 Matth.
950 2739 981 2814 5,
998 2738 1048 2798 17.
1070 2733 1150 2796 Luc.
1160 2740 1213 2814 24,
1220 2739 1272 2798 27.

205 2833 301 2895 nnius
321 2843 430 2895 tamen
449 2831 724 2915 interpretationis
747 2835 873 2897 vanitas
892 2833 946 2899 vel
969 2833 1089 2899 exinde
1113 2845 1164 2896 sat
1185 2830 1273 2897 clare

205 2926 362 3020 patescit,
389 2929 474 3015 quod
498 2928 534 2995 ἐν
558 2933 628 3007 τοῖς
653 2929 844 3020 προφήταις
869 2936 1040 3020 opponitur
1065 2933 1100 2999 ἕν
1127 2934 1188 3020 υἱῷ
1207 2953 1292 3020 per·

195 3032 318 3110 fidum.
363 3031 445 3095 Sunt
464 3051 542 3119 ergo
562 3033 626 3116 ipsi
645 3032 822 3118 prophetae
835 3034 878 3119 V.
892 3035 932 3100 Τ.
946 3034 1121 3099 voluntatis
1141 3034 1273 3099 divinae

189 3168 192 3175 ·
206 3132 420 3217 interpretes,
444 3128 540 3195 Mose
552 3130 638 3196 haud
651 3144 792 3213 exemto,
806 3133 1018 3221 intelligendi.
1062 3131 1274 3221 Particula'iv

206 3232 276 3295 rim
294 3231 418 3296 obtinet
437 3231 615 3316 particulae
636 3230 693 3298 διά
706 3253 769 3318 qua
789 3256 860 3298 eam
874 3237 972 3299 etiam
984 3234 1017 3297 h.
1030 3233 1053 3298 l.
1069 3235 1273 3321 interpretati

205 3336 282 3395 snut
296 3329 544 3414 Chrysostomus
563 3344 594 3397 et
614 3331 887 3419 Tlreophylactns3
907 3335 973 3398 vid.
991 3355 1074 3421 quae
1087 3338 1273 3400 notavimus

206 3429 249 3494 ad
262 3428 417 3512 Joh.1,4.
438 3430 491 3496 ἐπ’
502 3430 642 3519 ἐσχάτου
655 3433 719 3498 τῶν
732 3433 861 3520 ἡμερῶν
874 3431 1000 3500 τούτων
1013 3433 1176 3516 ἐλάλησεν
1187 3435 1275 3522 ἡμῖν

205 3531 242 3597 ἓν
253 3528 328 3618 υἱῷ]
343 3529 392 3593 λῖν
404 3538 578 3599 novissimis
590 3533 782 3620 temporibus
787 3559 846 3621 per
855 3534 959 3600 filium
968 3533 1167 3601 voluntatem
1179 3558 1275 3606 suam

203 3630 299 3695 nobis
321 3631 456 3716 aperuit.
500 3630 563 3696 Pro
580 3632 726 3720 ἐσχάτων
743 3636 808 3701 τῶν
820 3633 952 3724 ἡμερῶν
963 3637 1152 3701 auctoritate
1168 3636 1273 3722 pluri-

199 3753 329 3797 momm
347 3733 602 3821 optimorumque
621 3734 713 3799 codd.
730 3735 974 3800 rescribendum
990 3748 1041 3800 est
1054 3734 1105 3800 ἐπ’
1116 3736 1274 3824 ἐσχάτου,

168 3866 181 3887 -.
203 3854 301 3920 qnam
310 3831 484 3909 lectionem
498 3836 595 3900 etiam
610 3835 846 3916 Grt’eedoclrior,
855 3835 1070 3914 Ματλλσαῖαυ,
1083 3838 1273 3925 Knoppiue,

211 3933 350 4000 Veteres
363 3945 396 3998 et
411 3932 564 4001 schottus
583 3936 619 3997 in
639 3937 786 4001 ordinem
798 3948 1001 4022 receperunt.
1044 3937 1275 4004 Librariorum

202 4033 364 4114 incuriae,
384 4054 457 4099 cum
469 4047 623 4121 sequatur
635 4035 790 4101 articulus
804 4037 880 4116 τῶν,
902 4034 999 4102 lectio
1013 4034 1160 4123 ἐσχάτων
1176 4059 1275 4109 suam

197 4135 363 4220 originem
374 4133 480 4208 debet.
504 4133 543 4199 In
556 4137 707 4200 versione
725 4135 950 4201 Alexandrina
970 4137 1136 4203 Hebraica
1147 4141 1273 4207 formu-

201 4230 237 4299 la
254 4241 355 4326 ortt-‚tn
370 4225 506 4327 15⁹¹)th
526 4254 687 4322 expressa
705 4233 824 4326 legitur
844 4236 954 4308 verbis
973 4235 1033 4318 ἐπ’Ι
1044 4236 1185 4328 ἐσχάτου
1206 4243 1278 4310 τῶν
