2604 4746
419 309 857 399 Caru'r'XsvAis‘
981 412 986 428 ,
1070 318 1143 403 383

173 493 220 560 37.
258 488 524 555 Aeoommodavit
552 491 692 576 scriptor
721 488 827 553 locum
851 485 975 552 Habao.
1000 478 1031 568 2,
1057 496 1087 556 3.
1110 502 1143 557 4.

111 616 183 682 quem
196 594 380 658 memoriter
394 591 554 673 laudavit,
575 594 638 670 ita,
659 603 695 653 ut
709 588 887 674 prophetae
904 589 1003 654 verba
1016 592 1079 656 'sua
1094 592 1144 658 fe-

111 699 177 759 eerit.
218 692 335 778 Neque
352 695 438 761 enim
453 693 514 756 hoc
529 688 707 777 prophetae
728 687 866 754 oraculo
876 701 950 752 ante
968 691 1053 758 dieta
1066 715 1144 779 pro·

109 795 166 859 bare
188 793 311 870 voluit,
340 793 399 856 sed
422 790 532 856 verbis
563 791 731 856 Habaouei
757 794 886 854 tantum'
905 806 1145 877 argumentatus

107 909 149 960 est.
189 894 393 978 Conquestus
411 893 515 956 fuerat
530 893 690 979 propheta
703 914 730 957 c.
743 900 771 956 1.
786 893 922 955 iniurias
936 914 956 954 a
971 890 1144 960 Chaldaeis
1191 954 1193 958 .

104 993 206 1083 populo
223 993 355 1058 Iudaico
379 989 499 1058 illatas.
540 993 610 1058 Iam
625 1017 653 1058 o.
670 1001 700 1058 2.
719 989 848 1056 oraculo
867 982 1028 1056 'divinitus
1053 1017 1144 1060 acoe-

104 1108 155 1180 pto‚
177 1090 367 1158 exhortatur
383 1094 539 1173 Iudaeos,
561 1116 602 1157 ne
627 1094 848 1179 despondeant
864 1095 1017 1174 animum,
1037 1094 1146 1162 Deum

104 1198 170 1258 euim
186 1195 260 1278 pios
277 1192 417 1258 cultores
435 1209 524 1274 suos,
540 1196 575 1257 in
593 1215 696 1281 eoque
718 1215 810 1278 spem
832 1203 952 1257 certam
967 1197 1145 1278 repositam
1242 1276 1245 1281 Δ

104 1294 244 1359 habentes
262 1306 472 1373 servaturum,
496 1307 528 1358 et
544 1294 783 1360 Chaldaeorum
807 1295 979 1360 saevitiam
1002 1299 1145 1364 vindica·

104 1407 193 1458 tumm
211 1416 296 1458 esse.
343 1393 438 1472 Quod
454 1407 560 1460 autem
578 1395 679 1460 verba
693 1384 920 1479 prophetae'h.
935 1392 959 1459 l.
976 1394 1147 1487 allaterat·

104 1498 180 1570 tinet3
203 1516 308 1582 neque
333 1494 435 1559 verba
458 1498 621 1560 versionis
642 1494 887 1561 Alexandrinae
904 1508 1020 1561 exacte
1037 1497 1147 1564 raddi-

105 1597 276 1677 dunestor,
299 1617 404 1681 neque
429 1608 555 1661 textum
580 1594 777 1661 Hebraioum
798 1608 944 1661 accurate
969 1600 1145 1683 expressit.

106 1695 199 1761 Verba
221 1698 307 1761 enim
329 1698 492 1761 versionis
510 1696 755 1762 Alexandrinae
777 1697 859 1760 haee
875 1692 965 1762 siunt:
985 1720 1018 1762 v·
1032 1700 1064 1765 3.
1085 1700 1148 1768 solu

106 1794 266 1886 λστερήση,
287 1792 463 1884 ὑπόμεινον
487 1796 611 1885 αὐτὸν,
640 1792 696 1865 ὅτι
719 1796 894 1884 ἐρχόμενος
915 1793 1003 1879 ἥξει,
1028 1801 1084 1864 καλ
1106 1800 1172 1868 od.-

104 1897 228 1991 χρονλσῃ.
250 1921 282 1962 ν.
298 1907 331 1961 4·
352 1897 411 1963 ἕιὶν
426 1897 679 1981 ὑποστείληται,
708 1897 767 1965 οὐκ
788 1895 923 1964 εὐδοκεῖ
940 1898 1067 1986 ἡηιοχή
1082 1925 1149 1987 μου

108 1997 241 2086 hulieni,
264 1998 283 2065 ὁ
307 1999 343 2064 δὲ
371 1995 502 2076 δίκαιος
526 1999 563 2063 ἐκ
586 1995 731 2075 ’πίστεώς
751 2019 817 2085 μον
836 1997 981 2078 ζήσεται.
1023 1995 1148 2068 Ultima

109 2099 190 2163 uerba
213 2098 358 2162 laudavit
381 2102 480 2164 etiam
505 2096 627 2163 Paulus
642 2099 736 2164 Rom.
755 2107 784 2180 1,
801 2105 852 2164 17.
875 2097 948 2162 Gal.
965 2105 996 2179 3,
1013 2108 1063 2166 11.
1083 2092 1148 2177 h00'
1256 2144 1259 2149 .

111 2198 347 2285 supplementum
369 2201 539 2286 cogitando
563 2199 778 2265 adiiciendum
793 2212 859 2265 est:
884 2195 1067 2268 constantes
1083 2206 1148 2290 igi.
1248 2216 1252 2226 ’

111 2311 289 2378 totostoto,
315 2298 362 2386 μή
387 2291 446 2366 οὖν
470 2296 669 2385 ἀποβάλητε
695 2299 758 2381 τήν
779 2295 972 2387 παρ’ῥησίοιν
993 2321 1068 2393 nam
1085 2319 1147 2370 eto.

110 2398 313 2468 Heinrichsr'ur
328 2398 502 2464 verborum
519 2396 757 2465 cohaerentiam
771 2412 803 2463 et
819 2421 951 2464 sensum
965 2404 1012 2468 ita
1029 2407 1149 2469 eonsti-
1182 2398 1192 2425 ⁸
1212 2472 1215 2479 ,
1247 2420 1255 2478 ἴ

112 2505 165 2569 nit:
187 2526 226 2568 eo
244 2501 350 2585 magis
365 2500 459 2565 vobis
477 2501 642 2565 suadenda
659 2514 710 2565 est
725 2500 805 2565 haee
821 2497 999 2566 constantia
1016 2501 1149 2591 (τοσού-

112 2625 141 2693 τῳ
161 2606 292 2689 μᾶλλον
314 2623 345 2664 v.
368 2602 449 2698 25.),
479 2624 542 2688 quo
565 2605 700 2688 propius
727 2603 813 2667 adsit
841 2596 1024 2668 liberatoris
1047 2608 1152 2671 vestri

111 2705 257 2787 adventus
279 2705 333 2791 qui
355 2723 426 2800 eum
443 2706 580 2782 venerit,
604 2703 782 2801 apparebit,
805 2718 923 2792 quanto
941 2711 1086 2792 praemio
1100 2708 1150 2772 af·
1251 2705 1253 2708 ’

111 2802 242 2871 leientur
257 2802 294 2883 ii,
316 2804 372 2889 qni
396 2804 536 2867 animum
557 2824 622 2868 non
642 2806 891 2890 desponderunt,
914 2828 1071 2893 quamque
1091 2829 1152 2892 pa·
1177 2828 1181 2836 ·

111 2925 162 2972 rum
176 2931 211 2971 se
231 2907 262 2970 ei
279 2901 428 2988 probent,
445 2906 502 2989 qui
517 2904 677 2969 defuturo
691 2904 815 2969 auxilio
831 2907 1040 2990 desperantes
1055 2906 1151 2971 malis

111 3005 312 3071 succumbunt.
346 3002 398 3068 ἔτι
421 3001 539 3090 μηκρὸν
566 2999 648 3072 ὅσον
668 3008 833 3072 admodum
852 3015 1002 3089 exiguum
1025 3018 1150 3092 tempus

111 3101 206 3173 restat.
229 3098 312 3171 ὅσον
336 3099 418 3171 ὅσον
441 3106 556 3168 dieitur
572 3104 611 3168 de
626 3127 663 3170 re
678 3128 780 3191 parva
794 3105 960 3192 Aris-toph
977 3105 1102 3193 Vespp.
1117 3129 1149 3171 v.

112 3211 166 3272 213.
188 3202 219 3272 τὶ
239 3205 300 3271 οὐκ
321 3197 603 3290 ἀπεκοιμήθημεν
624 3203 704 3273 ὅσον
721 3203 802 3272 ὅσον
813 3207 953 3288 στὶλ·ην,·
975 3211 1086 3294 quidue·
1097 3231 1171 3284 res

111 3300 280 3388 quleroimue
307 3310 565 3392 aliquantillum?
606 3307 663 3370 ubi
691 3306 856 3373 scholiast.
885 3307 1037 3374 observat
1068 3305 1160 3376 ὅσον

110 3399 173 3473 ὅσον
186 3404 307 3485 στίλην
322 3407 506 3491 significare
523 3405 561 3472 τὸ
577 3404 763 3494 ἐλάχιστον.
782 3410 911 3475 Arrian.
924 3408 1088 3475 Histlnd.
1098 3419 1151 3493 29,

112 3508 148 3570 u.
167 3504 274 3589 ὀλίγοι
296 3509 331 3573 δὲ
352 3508 460 3573 αὐτῶν
478 3504 644 3597 σπιίρονσι
665 3501 747 3576 ὅσον
768 3505 848 3576 ὅσον
871 3506 930 3589 τῆς
944 3508 1064 3598 χώρας.
1085 3500 1151 3577 les.

110 3608 148 3687 16,
163 3616 213 3673 20.
241 3603 471 3692 οἷποκροβὴθη
492 3608 613 3694 μικρὸν
635 3604 716 3676 ὅσον
732 3606 814 3676 ὅσον
834 3610 890 3674 ubi
911 3612 946 3674 in
967 3625 1061 3677 textu
1082 3613 1153 3678 He·

109 3695 201 3771 braiao
216 3705 335 3792 legitur
350 3720 403 3796 σῃ,
424 3708 694 3801 uuuuHeliodor.
710 3715 740 3792 5,
758 3718 807 3776 18.
830 3712 946 3798 ὀλίγον
959 3704 1040 3779 ὅσον
1049 3712 1153 3798 προή-

108 3821 162 3872 κιιν
179 3808 246 3894 ὁρῶ
268 3807 460 3893 πρεσβύτην
488 3809 672 3876 ἁλιευτικὸν
691 3810 845 3898 πρόσθεν
865 3814 930 3879 τῶν
948 3814 1061 3900 θορών
1087 3812 1152 3879 τῶν

107 3905 198 3974 αὑτοῦ
218 3906 424 3993 καθήμενον.
464 3908 558 3973 Philo
572 3910 655 3996 Leg.
669 3913 710 3975 ad
728 3912 798 3977 cai.
820 3934 853 3999 p.
868 3915 959 3980 1029.
975 3912 1013 3977 Β.
1034 3913 1154 4000 μικρὸν

105 3998 176 4074 ὅσον
188 4009 326 4094 ἐπισχών
341 4008 434 4073 breul
444 4025 533 4076 muru
546 4018 719 4078 interiectu
730 4035 759 4077 v.
768 4014 952 4080 Loeeuerue
964 4015 1005 4079 ad
1020 4016 1051 4079 h.
1063 4015 1086 4079 l.
1101 4015 1153 4101 ἐρ·
1167 4074 1173 4101 ,
1246 4054 1248 4059 »

98 4104 230 4189 κάμινος
243 4130 359 4172 nomen
368 4107 513 4174 Messias
529 4111 644 4178 Matth.
655 4117 706 4193 11,
715 4119 746 4178 3.
759 4121 811 4195 21,
821 4111 952 4178 ruloh.
965 4122 1075 4197 11,27.
1085 4111 1154 4198 ἥξει
1220 4196 1222 4199 ¹

98 4209 300 4275 erinacium
321 4206 507 4283 habendum
524 4225 556 4276 et
573 4233 709 4300 regnum
721 4214 978 4307 inaugurandum
991 4216 1031 4282 el.
1050 4238 1081 4285 v.
1100 4208 1152 4289 21.
