2604 4746
302 438 304 441 Ι
387 328 551 409 Garun
576 328 694 405 VIII.
732 350 769 406 v.
797 335 831 406 5.
1064 338 1138 409 265

74 501 207 569 Gellius
221 502 273 583 17,
287 502 340 566 20.
361 497 402 563 de
420 495 637 585 pulcritudine
661 495 730 561 stili
748 483 922 564 Platonici:
947 519 988 566 ea
1007 520 1088 588 qaae
1107 495 1142 567 ιἰι

71 610 228 672 Platonis
250 608 398 667 eratione
417 602 630 680 demiramur,
652 621 716 665 που
739 602 901 665 ιιιιιιυῖοτι·
920 603 1059 687 quidem,
1086 604 1145 668 red

70 711 182 773 leirene
199 702 393 787 umbrasque
398 701 523 778 faeere
539 705 746 787 quaesiui-mae
761 710 794 764 et
808 708 882 766 ουιι·
893 723 1007 767 mmet.
1031 701 1142 768 Theo·

69 806 249 893 phylaetua
272 798 506 887 ὑποδείγματα
525 796 669 886 explieat
687 797 821 885 α’μυδρολ
840 801 1023 885 δείγματα,
1045 824 1144 868 σκια-

69 902 292 995 γραφήματα
313 903 465 970 obscurae
492 907 824 990 repraesentationes,
853 901 1039 970 umbratiles
1063 908 1142 972 dele·-
1226 938 1233 947 ·

68 1014 257 1073 arationes.
302 999 450 1068 Verbum
463 999 642 1086 λατρεύειν
654 1003 784 1086 proprie
796 1013 886 1065 notat
899 1010 1034 1085 εενυίιο,
1053 1013 1144 1072 mint·-

32 1148 40 1155 ·
68 1119 191 1174 strare
204 1103 362 1187 Palaeph.
377 1108 430 1169 45.
445 1103 484 1168 de
499 1101 643 1170 Hercule
657 1101 840 1187 Omphalae
859 1105 1032 1168 serviente.
1054 1104 1143 1171 Xen.

69 1217 105 1290 3,
131 1216 165 1273 1.
190 1213 242 1272 20.
270 1203 328 1267 ubi
352 1205 382 1280 ᾖ.
409 1210 463 1270 23.
491 1214 701 1268 commutatur
732 1202 932 1269 buruverbo
966 1204 1146 1274 δουλεύειν.

11 1220 21 1289 ‚⁸

11 1302 21 1379 l

71 1408 230 1492 sychiun
251 1402 420 1491 λατρεύω,
442 1402 543 1488 σέβω,
565 1401 718 1472 δουλεύω.
760 1402 891 1468 Deinde
908 1405 1083 1471 'adhibetur
1104 1409 1146 1472 de

71 1508 169 1574 cultu
192 1505 260 1569 Dei
280 1515 419 1568 externo
439 1516 475 1567 ut
495 1503 576 1568 Lue.
600 1513 630 1586 l,
651 1510 703 1572 37.
732 1505 805 1570 Aet.
821 1508 852 1584 ⁷,
867 1511 899 1571 7.
921 1504 964 1570 el.
985 1508 1075 1571 item:
1105 1506 1146 1571 de

72 1610 168 1676 cultu
182 1627 279 1695 quem
292 1604 480 1669 sacerdotes
492 1603 617 1670 Iudaici
637 1605 813 1690 intemplo
835 1604 910 1671 Deo
936 1606 1148 1690 praestabant

72 1711 145 1776 vid.
161 1719 232 1771 net.
244 1705 286 1770 ad
299 1712 331 1784 9,
344 1710 383 1797 ⁶·.
396 1706 543 1791 inprimi!
559 1705 599 1770 de
613 1705 908 1792 sacrifieiiuutpote
925 1706 1030 1771 cultus
1046 1709 1148 1773 divini

73 1822 175 1898 parte
189 1809 309 1894 potiori
323 1812 374 1887 10,
389 1813 421 1871 2.
435 1806 468 1872 h.
482 1803 506 1870 l.
522 1806 561 1871 de
586 1805 672 1871 cultu
693 1805 760 1871 Dei
782 1809 912 1873 interno
936 1805 1057 1894 legitur
1074 1810 1162 1875 Aet·
1242 1868 1245 1873 .

75 1916 205 1994 24,14:
232 1907 326 1973 Rom.
341 1914 370 1988 1,
383 1913 414 1972 9.
445 1906 617 1972 Caeterum
641 1928 798 1992 praesens
822 1907 1147 1996 1ι.1.Ροείιιιιιιιιει,

78 2017 160 2102 quia
174 2024 251 2077 tune
263 2010 419 2092 temporis
433 2010 538 2074 adhue
554 2008 661 2073 stabat
678 2007 842 2093 templum.
863 2011 928 2076 τῶν
944 2007 1149 2095 ἐπουρανίων

81 2115 170 2178 iufra
186 2119 218 2193 9,
235 2118 287 2177 23.
309 2109 373 2177 τῶν
387 2108 422 2175 ἐν
435 2112 507 2187 τοῖς
522 2108 678 2196 ούρανοῖς
692 2130 800 2174 eorem
818 2131 899 2198 qaae
913 2120 986 2177 eant
1000 2116 1035 2174 ιἰι
1050 2114 1149 2192 coele,

85 2216 141 2298 qui
164 2213 295 2300 quidem
315 2209 408 2275 locus
428 2211 523 2275 docet
543 2232 603 2295 per
626 2204 874 2296 τολέπουροὲνια
906 2209 1152 2296 intelligendum

89 2335 161 2377 esse
177 2309 335 2397 templum
349 2309 492 2376 eoeleste
509 2331 581 2374 eum
593 2311 662 2375 auis
676 2310 824 2396 partibus
841 2319 875 2392 9,
892 2319 970 2377 1-4.
992 2333 1088 2397 quam
1100 2313 1151 2375 iu·

10 2468 12 2479 .
91 2415 350 2503 terpretationem
370 2413 467 2477 etiam
488 2412 634 2497 apprime
655 2409 824 2476 eoufirmat
839 2411 932 2476 locus
949 2413 1014 2476 Ex.
1030 2419 1084 2494 25,
1096 2418 1151 2479 40.

10 2498 24 2551 '.
95 2499 239 2579 lbudatua
254 2507 320 2597 ὅρα
333 2511 475 2597 ποιήσῃς
491 2535 521 2578 ιι.
535 2534 566 2577 τ.
579 2513 609 2578 λ.
652 2511 721 2578 Ιιιιιι
742 2512 828 2600 quod
843 2512 1020 2580 'formulam
1039 2517 1154 2579 attinet

15 2650 21 2661 ·
100 2612 312 2699 ὑποδείγματι
333 2613 391 2676 καλ
417 2614 500 2702 οκιᾶ
519 2610 719 2697 λατρεύειν,
742 2613 845 2678 dativi
870 2611 1097 2700 ύποδειὶγματι
1120 2628 1154 2682 et

9 2733 50 2822 el't'
105 2736 253 2806 οιιριειιι
265 2713 410 2778 indicant
421 2718 474 2779 cui
486 2715 697 2779 ministratur.
741 2713 865 2779 Similis
880 2716 1021 2781 formula
1035 2730 1093 2782 est
1100 2724 1154 2799 13,

19 2851 57 2900 ,ρ
106 2815 269 2898 10.οιιην,ἤ
293 2812 466 2899 λατρεύειν
486 2813 738 2881 tabernaculos.
753 2815 875 2901 templo
895 2817 1037 2898 servire,
1053 2818 1155 2935 ‘mini-

9 3128 40 3271 'l
86 3219 247 3305 templum
261 3117 455 3304 pbrtulath.
472 3237 502 3279 ο.
492 3219 573 3302 .qui
589 3218 786 3281 resdivinaa
801 3219 863 3281 rite
877 3231 1075 3305 perpetrant,
1098 3212 1179 3313 qui'

16 3358 19 3369 .
84 3319 254 3385 taeiilieia
268 3317 439 3383 offerunt
429 3314 620 3402 intemplo,
642 3317 756 3404 quod
745 3320 931 3404 rmaginem
926 3331 1069 3388 mutum
1085 3326 1157 3390 sive

9 3413 16 3451 l
79 3419 368 3485 adumbrationem
380 3417 492 3504 templi
508 3416 660 3483 eoelestia
675 3417 819 3483 exhibet.
861 3419 931 3486 Alii
950 3420 1053 3488 verba
1074 3448 1159 3522 quae

79 3507 135 3585 h.
145 3516 532 3615 blegnnturexplanant:
554 3519 657 3584 sacris
667 3521 916 3605 operautnrita,
937 3525 1161 3612 utimaglnem

87 3629 137 3682 et
156 3606 430 3687 adumbratibnem
449 3618 640 3717 (nonenim)
664 3614 854 3687 coelestium
870 3623 1066 3693 exhibeant.
1097 3652 1161 3699 ιια-

89 3717 203 3798 θύα
191 3741 453 3811 armantarmant
470 3688 574 3788 -ssd'c
593 3744 640 3787 τω
621 3719 748 3810 ὄρει]
771 3728 1027 3845 quemadmodum
1049 3728 1163 3816 Μοιει

8 4155 59 4217 -ῃ,
124 4135 178 4188 im
192 4126 285 4192 affert
306 4126 522 4210 scriptorem
541 4126 664 4190 dixerit
683 4127 871 4194 sacerdotes
885 4132 1069 4199 ministrare
1084 4135 1165 4210 iue-

53 4258 59 4270 ·
92 4215 256 4311 δείγματι
276 4216 338 4295 ιιαλΙ
357 4225 455 4314 σκιᾷ.
489 4225 635 4292 Verbum
654 4229 898 4317 χρηματίζειν,
918 4234 1006 4324 quod
1023 4234 1067 4303 de
1091 4235 1165 4304 Dan

69 1305 194 1373 Schol.
208 1303 311 1388 Soph.
327 1300 481 1369 Trachin.
495 1295 549 1368 40.
572 1300 789 1389 λατρεύοντα,
812 1298 1053 1389 ὑπηρετοῦντα.
1075 1308 1145 1372 Ηο-
1257 1356 1261 1362 .
