2632 4740
143 266 221 337 222
299 327 302 333 ,
394 242 398 248 ’
467 224 745 339 Clrnrvll.
780 283 817 339 v.
844 270 879 340 3.
937 361 943 367 ι

143 431 231 495 inter
250 445 289 493 se
308 426 511 493 dissentiunt.
552 426 602 491 Ac
625 423 778 513 spretae·
789 428 920 516 quidem
940 430 1054 497 statuit
1063 427 1181 498 Melcli·

144 530 298 595 seducam
312 547 378 592 non
392 537 513 591 tantum
533 526 765 610 sacerdotibus,
787 527 847 601 sed
858 533 1040 616 generatim
1054 528 1196 611 omnibns,

142 630 273 696 Levitis
288 627 419 713 opponi,
441 625 568 691 Levitis
581 640 689 695 autem
707 641 830 695 certum
848 618 1053 711 ministrandi
1075 642 1180 719 temprp

145 731 352 796 constitutum
363 726 478 809 fuisse,
491 727 577 814 quod
590 727 755 795 definitum
766 732 893 797 initium
907 752 946 799 no
956 731 1058 799 finem
1070 731 1181 803 babuit·

144 844 208 912 set,
230 827 272 894 ab
285 847 377 910 anno
385 829 535 895 nimirum
550 831 665 895 aetatis
679 831 833 914 vicesimo
848 834 957 920 quinto
972 854 1077 921 usqne
1089 831 1131 897 ad
1141 852 1181 903 on·

143 952 221 997 num
244 929 543 1016 quinquagesimam
568 928 610 994 cf.
633 926 731 995 Num.
746 939 779 1012 4,
796 937 826 998 3.
849 931 921 1019 (ubi
934 954 966 998 v.
984 933 1180 1006 mauult,-

141 1032 213 1117 rus)
234 1035 266 1112 8,
278 1036 331 1095 24.
373 1025 440 1093 Sed
453 1040 488 1091 ut
500 1041 588 1094 recte
605 1041 797 1095 annotarunt
813 1030 1033 1113 Limdorele'as
1052 1034 1122 1123 (qui
1132 1034 1180 1123 itm

141 1145 219 1198 ante
235 1130 400 1217 &huam
418 1129 502 1194 banc
519 1131 816 1216 interpretationem
828 1133 946 1219 attigit)
968 1145 1002 1198 et
1016 1133 1180 1215 Cremerae,

142 1235 283 1318 scriptor
311 1227 584 1295 Melchisedecnm
610 1252 675 1296 non
702 1230 830 1297 Levitis
856 1233 902 1318 (v.
923 1245 991 1298 not.
1022 1232 1067 1299 nd
1090 1253 1122 1299 r.
1144 1232 1179 1319 b)

141 1336 202 1401 sed
224 1328 466 1411 sacerdotibus,
488 1334 655 1418 speciatim
672 1330 881 1418 pontificibus
902 1334 1053 1421 apponit,
1076 1352 1179 1421 eosqnp

140 1434 297 1522 dignitate
309 1451 464 1515 superare
480 1433 535 1496 ait
577 1431 632 1496 Ex
647 1432 771 1496 Peircs'e'
785 1435 944 1499 sententia
956 1431 1065 1523 α’ρχὴν
1083 1435 1179 1517 adver,

138 1533 188 1599 bii
201 1534 269 1597 vim
280 1527 413 1612 obtinet,
427 1533 474 1596 ita
487 1544 524 1595 nt
536 1530 697 1619 significet
703 1551 854 1620 prorem,
866 1536 979 1619 place,
993 1542 1128 1618 mnino,
1138 1534 1179 1621 (dr

35 1634 38 1639 ’
137 1657 204 1724 qua
217 1629 369 1698 vocabuli
389 1643 548 1717 potestate
568 1654 600 1697 v.
622 1653 704 1719 quae
725 1636 907 1700 nomvimns
920 1635 972 1721 ‚ad
990 1634 1063 1701 Iob.
1080 1634 1176 1723 att.)

137 1734 241 1802 verba
257 1730 414 1813 reddidit:
443 1739 501 1818 put·
511 1753 649 1820 prorsas
668 1753 728 1799 ceo
748 1735 870 1821 Man
882 1732 1007 1816 fiuent,
1032 1757 1094 1802 trec
1107 1742 1179 1803 ctist

136 1821 257 1903 habet(
286 1831 362 1919 Ipse
380 1831 483 1895 sensit
497 1828 557 1894 hac
568 1830 830 1913 interpretatione
851 1831 1011 1915 admissa,
1032 1834 1176 1921 ingratus

136 1922 283 2002 existere
300 1929 520 2016 tautologiam.
561 1928 755 1995 Provocavit
773 1931 872 2015 igitur
890 1932 935 1999 ad
949 1931 1053 1999 verba
1071 1935 1125 2002 1¹2.
1136 1941 1177 2016 id,

137 2043 190 2103 13.
212 2041 282 2123 quit
297 2043 346 2100 cet
361 2038 524 2120 qaenam
536 2033 713 2111 decimet,
733 2034 835 2097 cnam
854 2038 890 2097 ta
909 2054 972 2120 qua
991 2033 1177 2121 destestar-

133 2141 214 2206 tur?
233 2136 281 2202 ibi
294 2143 401 2200 autem
423 2129 600 2196 membrum
624 2130 788 2214 posterius
812 2134 934 2217 prioris
955 2132 1094 2201 membri
1119 2155 1177 2215 ser·

134 2260 208 2304 sum
219 2236 400 2325 accuratius
419 2233 598 2306 eonstituit;
617 2242 788 2316 praeterea
799 2230 885 2316 μήτε
898 2233 932 2299 h.
950 2232 1064 2303 lanto
1077 2234 1193 2327 ἀρχήν,

105 2338 108 2343 ’
133 2352 169 2405 et
181 2338 232 2404 bis
244 2338 398 2425 positum,
419 2335 584 2420 utriusque
599 2330 737 2397 membri
749 2335 986 2418 oppositionem
998 2336 1089 2421 feeit,
1109 2356 1175 2426 qm

54 2492 56 2497 .
130 2441 170 2504 in
184 2435 295 2513 verbis
309 2431 414 2521 α’ρχὴν
426 2448 459 2498 et
471 2434 569 2511 τέλος
580 2431 669 2498 olera
681 2443 730 2497 est
742 2445 837 2522 atque
850 2437 1035 2522 perspicua.
1082 2438 1174 2506 caue

130 2561 205 2618 ron,
224 2533 463 2616 umectam,
487 2534 774 2619 Moldeadaacrur,
799 2532 873 2599 etr.
895 2535 991 2611 Feta
1015 2537 1173 2615 Scdstdtit

130 2638 177 2703 al.
201 2634 410 2717 contendunt,
433 2635 473 2698 de
493 2633 734 2700 Melchisedeco
755 2632 835 2716 dici,
856 2655 930 2703 eum
952 2658 1018 2702 non
1036 2638 1173 2705 babuistt

127 2742 258 2806 initium
279 2737 403 2801 dierum
426 2757 480 2822 np.
504 2733 768 2816 sacerdotalium,
791 2755 897 2825 neque
917 2735 1017 2825 finem
1034 2742 1171 2823 vitaenp·

129 2824 359 2918 sacerdotalis,
381 2849 536 2922 quatenus
558 2858 622 2901 non
642 2834 791 2900 babuerit
805 2836 1023 2921 decessorem,
1043 2861 1104 2906 nec
1116 2859 1170 2921 sat·

129 2961 295 3008 cessorem
314 2939 350 3001 in
368 2937 560 3020 sacerdotio,
582 2948 617 3000 ut
637 2935 822 3001 sacerdotes
845 2935 969 3007 Iudaici
988 2962 1027 3006 ac
1045 2934 1169 3027 nomina·

118 3043 188 3107 ,tim
210 3036 391 3129 pontifices,
414 3038 530 3125 quibus
545 3035 805 3103 Melchisedecus
823 3034 856 3102 h.
868 3034 892 3128 l,
914 3054 1105 3129 opponatur.
1138 3039 1166 3105 lr

124 3142 243 3207 horum
258 3142 468 3225 interpretum
480 3140 630 3224 vestigiis
637 3137 753 3223 pedem
768 3138 953 3221 ponendum
968 3163 1044 3207 esse
1056 3160 1165 3208 censeo.

124 3240 258 3306 Etenim
268 3251 303 3302 ut
315 3240 381 3304 ianr
395 3261 494 3325 supra
507 3241 617 3303 monui
629 3240 731 3303 vitam
749 3238 982 3318 sacerdotalem
1000 3243 1165 3328 intelliget·

6 3392 9 3399 .
123 3343 301 3423 demesso,
321 3337 494 3404 verborum
508 3339 629 3404 vicinia
641 3337 766 3418 suadet,
787 3337 843 3423 (ol.
860 3351 892 3404 ct
904 3362 936 3405 v.
951 3342 997 3426 8.)
1020 3343 1164 3409 confirntl

122 3461 206 3506 vero
222 3439 413 3520 etiamhanc
426 3440 723 3524 interpretationem
734 3437 988 3527 ususloqnendi.
1030 3442 1163 3509 Namm-

122 3539 274 3607 oabulnm
288 3536 409 3624 ἡμέραι
421 3539 508 3603 haud
522 3562 596 3605 raro
609 3541 645 3604 in
660 3538 765 3603 literis
782 3543 884 3607 sacris
903 3543 1035 3626 ponitur
1051 3543 1091 3607 de
1104 3555 1162 3607 ten·
1190 3604 1195 3621 ,

121 3664 205 3728 pore
224 3663 287 3729 quo
309 3642 382 3727 quis
402 3662 536 3706 munere
560 3640 670 3729 aliquo
692 3641 896 3728 perfungitur
914 3655 951 3705 ut
969 3640 1086 3709 Mattlr.
1105 3645 1160 3722 Μ.
1193 3654 1200 3723 ,¹

121 3742 204 3808 Luc.
219 3749 249 3823 1,
263 3746 295 3807 5.
316 3739 352 3805 ἓν
366 3737 503 3827 ἡμέραις
516 3739 665 3830 Ἡρώδου
679 3744 737 3809 τοῦ
748 3741 921 3827 βασιλέως.
942 3741 1159 3825 Metth.1t,1t

120 3840 192 3907 α’πό
208 3842 244 3907 δὲ
260 3839 322 3906 τῶν
340 3835 469 3925 ἡμερῶν
484 3840 635 3909 Ἰωάννου
651 3840 711 3908 τοῦ
723 3842 925 3933 βαπιιστοῦ.
945 3843 1011 3910 ler.
1029 3853 1058 3927 1,
1072 3850 1156 3929 aun

119 3941 242 4029 amititia
265 3952 408 4025 tempore
431 3941 542 4031 Ioniae
565 3946 654 4030 regis
677 3943 880 4010 ludaeorum.
924 3944 980 4011 Sic
1000 3945 1070 4012 h.l
1091 3933 1155 4029 ἀρχῆ

119 4038 249 4129 ἡμερῶν
263 4042 391 4122 initium
412 4045 498 4107 vitae
520 4044 732 4109 sacerdotalis
753 4046 904 4128 declarat,
928 4057 960 4109 et
977 4066 1089 4111 sensus
1101 4059 1151 4105 ver·

120 4141 235 4226 borum
257 4154 318 4208 est:
341 4166 406 4211 non
426 4157 622 4232 memoratur
642 4159 784 4234 tempus,
809 4169 871 4237 quo
893 4146 1043 4236 pontifex
1059 4158 1147 4213 const
