2632 4740
139 293 191 364 51
484 274 645 392 Coruo
669 276 724 354 ΙΙ.
755 297 795 353 v.
821 281 856 352 5.

141 469 218 516 nem
244 456 499 528 consummatos,
531 456 564 509 et
590 442 791 509 introductus
818 435 1027 534 ingloriam,
1055 444 1212 522 respectu

142 550 265 637 prioris
277 546 391 612 Adam‘
448 557 542 613 turus
556 544 682 611 dieitur.
725 541 906 607 Adiuvatnr
928 550 1035 603 autem
1056 536 1139 602 haee
1158 538 1211 599 in-

8 693 10 698 .
143 647 333 734 terpretatio
355 667 377 709 ιι
436 638 592 736 loquendi
609 644 819 721 ludaeorum,
842 639 1033 725 scriptorum
1051 636 1094 703 Ν.
1113 635 1156 702 Τ.
1175 647 1213 700 et

71 757 78 769 ‘
144 753 219 837 ipsa
231 746 389 839 orationis
408 748 507 814 seria.
550 743 681 810 Scilicet
699 740 838 806 formula
856 738 878 820 ἡ
899 734 1075 823 οἰκουμένη
1090 737 1113 815 ἠ
1130 734 1213 836 μὲλῇ
1243 764 1251 781 ι

146 850 256 916 donna
277 847 454 933 respondet
477 843 636 913 formulae
657 839 739 909 αὶών
759 839 778 907 ὁ
795 839 945 926 μέλλων,
974 857 1110 927 quacum
1137 853 1214 900 eam

17 984 20 989 ·
146 949 355 1019 commutavit
373 969 426 1034 ep.
445 961 556 1015 auctor
569 951 601 1029 6,
615 950 645 1012 5.
673 940 877 1008 Vocabulum
891 935 1072 1024 οἰκουμένη
1088 936 1216 1015 indicat

147 1047 254 1115 orbem
268 1057 449 1131 terrarum,
470 1049 634 1123 mundum,
655 1041 826 1110 adhibetur
846 1044 977 1106 etiama
997 1034 1215 1124 scriptoribus

53 1163 59 1172 ’
147 1147 284 1214 Graecis
299 1148 341 1212 ad
352 1147 585 1236 designandum
600 1151 765 1231 impertiam
777 1141 938 1231 quodldet
950 1163 983 1206 v.
994 1140 1164 1207 Electram
1180 1148 1216 1202 et

67 1304 70 1309 ,
147 1267 210 1313 nos
222 1248 266 1311 ad
278 1247 360 1329 Luc.
373 1254 405 1330 2,
419 1255 450 1315 1.
471 1250 673 1316 Palairetum
693 1245 736 1308 ad
749 1243 829 1308 Luc.
843 1252 876 1324 4,
890 1249 922 1310 5.
942 1255 975 1307 et
988 1261 1107 1306 nomen
1126 1232 1215 1304 αἰών

147 1359 185 1410 nt
200 1343 277 1417 ubi!
293 1370 358 1412 non
370 1358 494 1414 tantum
507 1369 629 1425 accam,
649 1347 797 1425 seculum,
819 1344 989 1410 sedetiam
999 1343 1144 1408 mundam
1157 1337 1218 1402 de·

58 1475 65 1495 ·
149 1445 254 1512 clarat
263 1448 331 1513 vid.
343 1461 410 1514 not.
426 1449 470 1515 ad
484 1457 513 1533 1,
527 1457 559 1515 2.
572 1458 615 1513 et
626 1444 740 1511 Iudaei
755 1445 897 1510 seriores
909 1465 990 1514 voce
1000 1436 1077 1511 nbi?
1095 1442 1144 1504 ita
1161 1441 1218 1504 usi

149 1559 236 1630 sunt,
257 1559 293 1612 ut
304 1541 434 1635 tempus
448 1560 524 1615 anta
538 1549 685 1616 Messias
699 1547 872 1613 adrentum
890 1545 1035 1610 dicerent
1053 1551 1118 1630 affl
1136 1531 1217 1628 nbi!

151 1651 291 1714 seculum
309 1670 478 1736 praesens,
498 1662 627 1738 tempus
645 1661 753 1714 autem
771 1645 833 1712 snb
848 1668 951 1732 regno
968 1643 1114 1710 Messias
1137 1633 1217 1728 ῦξῆθ

150 1758 231 1836 regn
253 1754 391 1816 reculam
409 1747 562 1830 futurum
579 1773 612 1816 v.
638 1750 774 1816 Wt'tsics
792 1744 817 1812 l.
839 1744 863 1812 l.
886 1733 1092 1830 sctattgen'n
1113 1739 1218 1806 Horr.

151 1847 274 1916 Heh'rr.
288 1848 331 1915 Τ.
344 1855 375 1914 2.
390 1874 424 1939 p.
435 1857 511 1934 499.
524 1856 598 1917 627.
620 1841 747 1936 Koppa
756 1848 895 1912 Excute.
909 1853 939 1910 1.
961 1866 1014 1929 ep.
1032 1843 1074 1908 ad
1092 1841 1220 1926 Ephes.

153 1948 357 2014 subiunctus.
399 1946 600 2019 Bettholdts't
611 1947 832 2035 Christologia
842 1970 876 2033 p.
889 1953 940 2017 38.
952 1946 1016 2025 ita,
1036 1941 1137 2008 uthis
1149 1941 1220 2007 for·

153 2047 254 2114 mulis
270 2049 368 2115 simul
380 2055 490 2119 manda·
498 2053 588 2117 notio
606 2049 798 2115 adhaereret
809 2071 842 2115 v.
857 2046 988 2115 Solous·
999 2044 1221 2109 Commentar.

139 2170 141 2174 ⁴
154 2151 192 2213 in
205 2172 264 2215 eos
276 2149 304 2218 1.
318 2150 356 2217 C.
372 2173 540 2218 sermones
553 2153 609 2239 qni
621 2152 662 2217 de
675 2153 783 2217 reditu
796 2151 867 2215 aius
880 2148 922 2214 ad
933 2147 1088 2212 iudicium
1106 2155 1222 2209 extre-

151 2269 241 2314 mum
254 2263 315 2316 etc.
329 2264 429 2340 agunt
440 2276 473 2339 p.
489 2259 541 2320 18.
566 2251 634 2316 Sed
646 2251 945 2336 interpretationem
958 2267 1056 2332 supra
1066 2247 1223 2331 proposi-

154 2360 222 2414 tam
235 2353 333 2417 etiam
353 2355 511 2419 orationis
531 2349 989 2436 contextusconfirmatatqua
1002 2361 1118 2415 tuetur.
1162 2350 1223 2414 Et-

78 2524 81 2532 Ι
155 2452 245 2514 enim
257 2473 328 2537 cap.
343 2459 373 2518 1.
387 2474 495 2518 sermo
508 2466 578 2518 erat
591 2454 631 2518 da
643 2475 759 2540 regno,
772 2452 860 2540 quod
875 2450 1025 2515 Christus
1036 2460 1112 2535 post
1125 2470 1224 2515 snum

153 2549 198 2612 ad
216 2548 346 2616 Patrem
363 2553 502 2618 reditum
522 2552 575 2618 his
588 2556 623 2619 in
636 2557 735 2620 terris
755 2553 833 2640 agit,
853 2562 886 2616 et
899 2550 961 2616 hoc
974 2554 1071 2617 etiam
1083 2555 1224 2641 respici·

57 2670 60 2676 ·
155 2661 210 2714 tnr
230 2657 310 2743 29.
351 2652 453 2718 Porro
472 2655 507 2718 in
525 2657 724 2742 antegressis
744 2655 872 2719 initium
890 2654 1143 2739 praedicationis
1163 2653 1225 2720 do·

157 2752 280 2817 ctrinae
294 2751 419 2817 Christi
431 2754 567 2843 eiusque
578 2756 771 2843 propagatio
789 2753 962 2839 opponitur
979 2752 1064 2839 legi,
1085 2754 1226 2842 angelo-

155 2871 229 2915 rum
242 2854 422 2917 ministerio
440 2853 672 2941 promulgatae,
694 2877 726 2920 v.
740 2860 814 2945 23.
838 2867 1125 2920 commemorantur
1137 2858 1226 2920 varii

30 2980 34 2994 ·
156 2954 289 3035 generis
308 2951 465 3035 miracula
482 2966 515 3020 et
535 2955 592 3041 sp.
607 2956 643 3021 S.
661 2956 763 3038 dona,
785 2951 904 3042 quihus
916 2951 1009 3017 Deus
1028 2953 1228 3040 religionem

159 3048 284 3118 Christi
297 3049 500 3120 confirmavit
512 3078 544 3122 v.
557 3067 590 3123 4.
630 3056 790 3146 Loquitur
803 3070 881 3140 ergo
895 3056 1033 3140 scriptor
1050 3055 1090 3119 de
1102 3057 1227 3145 mundo

39 3237 44 3243 .
157 3150 268 3217 futuro
283 3155 350 3219 iam
369 3154 501 3221 Christo
524 3157 689 3238 subiecto,
711 3157 752 3222 de
770 3176 873 3242 regno
894 3154 1016 3220 Christi
1041 3155 1127 3240 qnod
1152 3166 1236 3220 tan-¹

159 3273 256 3338 quam
265 3276 329 3342 rex
340 3267 373 3321 et
385 3257 533 3322 dominus
547 3255 737 3343 angelorum
750 3264 780 3339 1,
794 3260 826 3320 6.
839 3259 870 3320 7.
886 3261 937 3319 14.
961 3267 994 3318 et
1010 3256 1143 3340 generis
1162 3254 1227 3320 hn-

157 3355 247 3416 mani
260 3366 293 3418 et
307 3354 464 3421 cultorum
478 3378 610 3442 suorum
621 3359 701 3442 agit.
733 3355 786 3421 Ad
796 3355 880 3419 hanc
892 3354 1145 3441 explicationem
1158 3368 1226 3422 sta-

130 3510 133 3515 .
159 3450 336 3518 biliendam
347 3450 469 3520 faciunt
480 3470 651 3545 praeterea
666 3458 764 3521 etiam
777 3454 868 3520 locil
878 3453 955 3518 Cor.
966 3461 1016 3536 15,
1024 3461 1066 3520 24
1075 3476 1124 3543 sq.
1137 3455 1228 3542 Eph.

159 3557 189 3631 1,
203 3555 235 3614 6.
247 3558 279 3618 7.
291 3560 333 3619 20
346 3556 396 3642 sq.
417 3557 502 3623 Phil.
516 3565 548 3640 2,
562 3565 583 3624 9
597 3579 668 3644 sqq.
710 3554 863 3622 Seenlnm
875 3566 982 3618 autem
994 3558 1102 3639 prius,
1130 3577 1228 3621 mun·

160 3651 222 3716 dns
232 3655 323 3738 prior
336 3655 541 3742 (oeconomia
552 3657 597 3723 V.
610 3656 666 3742 Τ.)
678 3656 745 3720 di‘oi
758 3655 897 3744 quodam
910 3655 1008 3720 modo
1019 3667 1149 3739 poterat
1166 3678 1229 3722 an·

159 3750 246 3837 gelis
259 3754 436 3840 subiectus,
450 3759 601 3845 qnoniam
613 3757 726 3821 Iudaei
738 3755 936 3838 statuebant,
961 3754 1100 3842 singulis
1116 3759 1228 3843 genti-

158 3850 221 3917 bus
235 3866 268 3919 et
281 3855 392 3920 mnndi
403 3856 550 3942 partibus
563 3856 700 3944 angelos
716 3878 790 3927 esso
810 3857 993 3942 praefectos
1005 3854 1103 3920 Dant.
1120 3863 1176 3939 32,
1192 3863 1228 3923 8.

158 3952 639 4042 ubiintarpretesAlexandrini
653 3956 856 4023 addiderunt:
880 3953 1059 4041 ἕστησεν(ὁ
1070 3952 1229 4047 ὕψιστος)

46 4059 51 4070 “
159 4047 238 4139 ὅρια
250 4055 361 4126 ἐθνῶν
373 4057 464 4124 κατὰ
475 4055 628 4147 ἀριθμὸν
647 4056 799 4142 ἀγγέλων
812 4057 905 4125 Θεοῦ.
930 4058 994 4123 Sir.
1012 4063 1063 4138 17,
1078 4062 1130 4123 17.
1152 4055 1231 4124 ἑκά-

122 4236 130 4260 .
161 4173 231 4240 στῳ
244 4151 344 4242 ἔθνει·
356 4157 565 4240 κατέστησεν
573 4157 841 4246 drotmanni
851 4156 1232 4250 μερὶςΚνρίονἸσραήλ
