2632 4740
208 310 258 379 28
322 329 328 333 ·
564 300 723 376 Cunus
757 304 787 375 l.
822 311 859 378 ν’.
889 312 922 378 7.
997 293 1000 297 ’

212 483 244 534 et
256 472 350 555 ignes
362 465 576 533 flammantes.
621 468 687 534 Sed
700 466 834 535 verberi
850 469 949 551 notaio
967 453 1042 553 o'yp.
1057 465 1161 538 αὑτοῦ
1175 462 1276 537 nuati-

208 592 315 655 ματα,
335 571 432 634 nitati
448 567 595 657 nonnulli
612 569 792 656 explicant:
815 571 905 651 iacit,
927 572 1030 656 (creat
1045 571 1121 656 sibi)
1137 570 1277 657 angelos

196 679 289 735 'suos
311 682 347 733 ut
366 671 431 734 sint
451 678 600 756 spirituo,
624 683 657 734 et
677 673 842 735 ministros
866 691 943 735 suos
959 670 1105 761 (eosdem
1123 670 1276 756 angelos)

209 783 246 835 ut
260 772 324 834 sint
337 771 433 855 ignes
446 767 668 851 flammantes,
685 775 790 836 instar
805 769 945 857 fulguris
962 772 1004 835 ad
1023 771 1192 836 celerrime
1215 793 1276 834 ex·

211 870 376 958 sequenda
397 872 489 934 iussa
501 873 711 955 paratissimi.
754 870 822 936 Alii
836 873 870 935 in
886 875 1127 958 comparatione
1140 871 1277 960 angelo,

209 993 282 1037 rum
306 992 377 1036 oum
395 978 499 1036 nentia
522 984 555 1036 et
575 978 648 1054 igne
669 970 877 1053 flammante,
904 972 1034 1038 illorum
1056 971 1276 1053 velocitatem,

211 1075 277 1138 vim
290 1086 322 1137 et
340 1070 516 1137 efficaciam
533 1075 568 1136 in
582 1071 709 1163 agendo
723 1071 861 1143 indicari
876 1087 1001 1160 putant,
1025 1086 1060 1137 ut
1078 1071 1276 1155 Chaldaeus,

210 1177 267 1261 qui
286 1171 389 1264 verba
401 1171 524 1237 Psalmi
540 1176 718 1260 expressit:
738 1165 795 1260 qui
804 1175 900 1252 fucit
919 1182 1047 1241 nuutios
1062 1161 1135 1241 euos
1150 1178 1276 1241 veloces
1299 1219 1302 1223 -

141 1327 143 1330 Α
211 1283 296 1340 sicut
307 1282 448 1353 uentum
467 1279 715 1340 ministrassent
730 1275 867 1357 fortem·
883 1283 967 1341 aiom
982 1283 1085 1358 ignem
1099 1275 1275 1359 flamman-

211 1385 285 1440 tem.
328 1374 454 1439 Verum
476 1362 641 1464 enimvepp
664 1378 789 1442 Psalmi
805 1375 828 1442 l.
851 1376 874 1442 l.
899 1378 938 1441 de
954 1374 1098 1476 angelis,
1121 1388 1287 1464 tanquam

209 1476 483 1562 personis‘sermo
506 1494 580 1539 esse
603 1495 668 1538 non
689 1490 811 1563 potest.
852 1476 1000 1542 Davides
1019 1479 1104 1541 enim
1122 1474 1170 1540 ibi
1185 1477 1279 1558 dicit·

212 1578 321 1641 omnia
335 1577 370 1639 in
385 1575 503 1640 mundo
521 1578 695 1660 conspicuo
713 1578 844 1642 divinae
858 1577 1015 1644 voluntati
1031 1586 1157 1662 pareres
1188 1573 1275 1640 Ve'r·
1310 1638 1314 1651 ,

164 1712 166 1716 v
212 1699 251 1741 su
265 1679 416 1742 carminis
427 1677 524 1740 tertio
538 1673 673 1762 legitur:
695 1676 834 1742 nubibus
853 1683 954 1744 utitur
972 1702 1032 1765 pro
1056 1699 1167 1759 curru,
1194 1698 1274 1742 ven·

131 1789 135 1799 “
181 1791 317 1855 „torum
336 1776 398 1841 elis
418 1775 550 1841 incedit
591 1776 662 1844 Iam
676 1780 821 1864 sequitur
835 1800 866 1842 v.
882 1788 915 1844 4.
931 1784 1021 1868 venti
1039 1781 1221 1844 inserviunt
1242 1777 1279 1844 ei
1282 1819 1285 1824 -

213 1893 250 1944 ut
272 1877 391 1963 legati,
413 1881 554 1943 ministri
570 1878 641 1942 eius
662 1890 736 1941 sunt
759 1868 854 1965 ignes
872 1878 1073 1944 flammantes
1089 1879 1123 1962 hp
1141 1904 1170 1945 e.
1185 1881 1275 1944 venti

213 1994 246 2046 et
261 1982 358 2066 ignis,
375 1978 540 2064 procellae
556 1991 587 2044 et
598 1977 733 2043 fulmina
747 1980 778 2041 ei
788 1993 920 2063 parent,
943 1984 1043 2044 utitur
1056 1979 1274 2047 Deusventis

211 2095 252 2148 et¹
263 2079 470 2159 fulminibus,
481 2081 610 2143 nuntiis
633 2081 797 2164 potentiae
816 2101 906 2161 suae,
924 2072 1082 2172 'urinistris
1096 2080 1275 2145 voluntatis

137 2188 145 2200 “
212 2206 302 2252 suae.
347 2181 530 2246 Contentus
544 2202 623 2266 ergo
641 2191 692 2243 sat
708 2179 874 2245 evidenter
887 2181 982 2246 docet
995 2180 1117 2247 Psalmi
1128 2181 1152 2245 1.
1165 2180 1189 2245 l.
1205 2203 1273 2247 ser·

211 2305 341 2348 monem
358 2303 432 2345 esse
453 2281 492 2344 de
514 2280 612 2345 rebus
633 2278 907 2366 adspectabilibus
929 2294 962 2344 et
980 2285 1135 2361 terrenis,
1157 2282 1275 2369 quibus

146 2407 150 2413 ·
212 2382 306 2448 Deus
324 2379 452 2461 efficiat,
476 2378 659 2468 quaevelit.
703 2380 796 2444 Facit
809 2384 907 2446 etiam
925 2381 967 2444 ad
980 2374 1066 2445 lrano
1080 2383 1273 2467 interpreta-

212 2487 334 2548 tionem
347 2481 595 2547 oonfirmandam
611 2479 696 2547 alius
712 2481 804 2545 locus
820 2479 884 2545 Ps.'
895 2488 966 2562 148,
982 2488 1021 2546 81
1035 2480 1091 2545 ubi
1101 2484 1273 2567 -prooellae

202 2588 247 2648 'et
258 2582 393 2659 fulmina
409 2581 557 2646 dicuntur
576 2579 642 2645 Dei
658 2584 816 2663 ministri,
837 2579 954 2669 quibus
970 2584 1011 2647 ad
1031 2585 1273 2670 exsequendam

212 2685 413 2750 voluntatem
440 2703 533 2746 suam
551 2695 671 2746 utatur.
715 2681 830 2770 Neque
856 2683 938 2746 adeo
956 2681 1048 2747 loous
1065 2683 1275 2752 relictusest
1312 2694 1314 2701 '

92 2775 97 2784 ⁴
168 2825 171 2834 ·
213 2788 392 2862 sententiae
405 2786 473 2847 iam
492 2803 590 2867 supra
601 2781 749 2869 prolatae
764 2805 892 2864 eorum,
914 2786 970 2870 qui
987 2805 1099 2866 vocem
1109 2787 1273 2854 nintn‘Psa

214 2896 287 2956 104.
308 2882 482 2971 πνεύματα
503 2884 778 2969 interpretandam
801 2896 933 2949 censent
953 2892 1104 2972 spirim,
1136 2891 1192 2981 oui
1209 2910 1272 2953 non

212 2990 308 3055 modo
321 2986 430 3051 obstat
441 2984 519 3067 hoo,
543 2985 629 3072 quod
642 2986 696 3048 Ps.
712 2983 736 3048 l.
747 2984 771 3048 1.
787 3005 886 3048 versu
901 2985 1169 3070 praecedente-3.
1186 2997 1274 3055 uenti

100 3076 122 3107 ⁸
152 3132 156 3140 ,
213 3090 301 3175 (1111),
309 3089 430 3152 mentio
446 3086 534 3150 faeta
545 3099 606 3166 est,
629 3085 688 3149 sed
701 3087 799 3151 etiam
812 3087 980 3172 sequentia
991 3083 1093 3150 verba
1113 3077 1186 3153 aab
1210 3090 1272 3171 mu,

212 3182 321 3273 πυρός
331 3181 420 3273 φλόξ
437 3188 656 3266 adversantur,
678 3197 715 3248 ut
725 3188 872 3251 Petreius
887 3198 920 3250 et
936 3185 1132 3273 Carpzootm
1145 3188 1235 3254 adh.
1249 3189 1271 3254 1.

211 3288 431 3372 intelligenter
444 3285 670 3369 observarunt,
694 3309 765 3352 oum
783 3288 979 3372 comparatio
996 3308 1061 3351 non
1079 3291 1186 3374 possit
1200 3312 1272 3355 esse

214 3388 337 3473 (verbis
347 3388 519 3472 Curpzooii
528 3389 612 3472 utor)
626 3390 711 3452 inter
728 3409 785 3453 ens
804 3387 889 3475 quod
901 3387 1148 3474 intelligentiam
1162 3387 1272 3470 habet,

212 3505 247 3555 et
268 3489 355 3577 quod
376 3509 416 3550 ea
436 3487 637 3569 destituitur,
669 3489 728 3552 sed
746 3509 820 3552 esso
845 3486 961 3553 debeat
981 3489 1165 3572 interduo,
1187 3493 1272 3579 quod

213 3593 313 3670 aiunt,
334 3587 440 3673 logioe
452 3590 637 3654 inanimata.
681 3587 756 3654 Non
771 3589 875 3672 eadit,
894 3603 930 3654 ut
944 3592 1092 3657 Petreius
1108 3603 1217 3674 notat,
1239 3595 1271 3656 in

213 3694 356 3757 divinum
371 3701 499 3775 poetam
520 3702 610 3754 tanta
624 3689 734 3777 legum
754 3689 986 3756 rhetoricarum
1000 3690 1217 3778 negligentia,
1237 3703 1272 3754 ut

214 3813 295 3881 quos
314 3793 379 3856 iam
395 3797 528 3879 spiritua
546 3792 690 3871 dixerat,
712 3811 924 3879 supremoque
946 3794 1161 3878 adsumpserat
1180 3806 1270 3857 natu·
1300 3853 1305 3862 ,

212 3916 322 3959 rarum
338 3892 459 3972 ordini,
479 3911 536 3956 eos
549 3912 633 3956 nuno
645 3894 715 3978 igni
730 3907 909 3978 comparet:
930 3914 1074 3980 quosque
1091 3890 1180 3957 labis
1203 3913 1269 3958 oor-

212 4015 334 4080 poreae
352 4004 504 4078 expertes
517 3992 650 4072 iecerat,
673 4015 731 4057 eos
745 3998 893 4080 sequenti
904 3990 1112 4060 similitudine
1126 3993 1189 4058 sub
1202 4016 1269 4060 eor·
1290 4009 1294 4013 ’

213 4110 329 4181 porum
340 4112 442 4178 genus
461 4091 604 4158 reducat.
648 4092 716 4159 lam
726 4086 850 4181 'quibus
863 4094 916 4158 Ps.
930 4093 953 4158 l.
967 4093 989 4158 l.
1006 4108 1038 4160 et
1052 4094 1086 4159 h.
1099 4092 1123 4158 l.
1137 4104 1232 4162 aeota·
1241 4106 1270 4159 et

208 4195 363 4281 flammae
385 4191 562 4273 subiectum
584 4208 672 4280 sunt,
700 4197 809 4284 angeli
832 4209 863 4264 et
883 4198 1020 4283 ministri
1040 4197 1269 4283 praedicatum,
