2604 4746
230 305 305 378 ron
496 251 1023 383 crrurxrnv.'m.·=co.
1103 400 1107 407 .

227 469 333 553 regis,
346 465 431 554 ¹Dei.
479 464 535 532 Sic
556 488 683 556 quoque
698 467 789 536 -Slon
806 468 866 534 Pe
883 474 936 552 68,
959 478 1022 538 17.
1041 473 1157 542 dicitnr
1175 497 1257 560 muns,

174 655 176 660 Ι
226 590 320 655 quem
335 567 427 633 Deus
443 566 657 640 sedemsuam
670 591 744 639 esse
760 568 828 634 vult
844 571 917 636 coll.
932 573 988 638 Ps.
1014 583 1162 656 132,13.
1198 576 1257 642 Non

225 689 289 734 unu
310 680 360 733 est
379 671 522 732 virorum
551 667 717 735 doctorum
742 672 782 735 de
806 673 1066 758 interpunctione
1090 674 1258 741 verburuu:

223 769 279 832 καὶ
291 765 450 856 μυριάσιν
465 767 614 853 άγγέλων
630 768 812 854 πανηγύρει
825 775 1017 837 sententia.··
1040 773 1154 862 Vulgo
1174 777 1259 841 itudi·

224 873 442 954 stinguuntur:
467 868 526 933 καὶ
549 863 708 954 μυριάσιν
727 867 899 956 άγγὲλων,
927 873 1116 959 πανηγύρει
1143 877 1198 941 καὶ
1217 886 1260 939 ets

223 970 318 1035 Hanc
330 971 619 1054 interpunctionem
639 970 781 1035 defendit
804 975 900 1037 etiam
912 973 1106 1041 Noeseeltus
1127 978 1162 1039 in
1175 977 1259 1049 Exes-

223 1075 288 1135 citt.
315 1092 413 1136 suern.
441 1092 473 1155 p.
498 1077 570 1135 184.
613 1069 790 1152 „Etiamsi‚
816 1074 938 1160 inquit,
968 1073 1026 1155 τὸ,
1052 1076 1117 1140 καὶ
1132 1077 1260 1140 coeteris

224 1171 371 1237 omuibus
393 1173 562 1236 sententiis
583 1175 822 1257 praepositum,
843 1184 918 1238 ente
942 1173 1259 1261 nuvnydpwdeeide·
1290 1222 1292 1235 .

223 1275 290 1337 reri
309 1294 373 1337 non
386 1269 517 1335 lehem
541 1272 708 1347 videntum
735 1285 823 1355 recte
845 1275 974 1361 quidem
1005 1274 1092 1340 illud
1124 1279 1260 1341 omissus

221 1373 327 1454 fuerit,
349 1373 379 1437 si
390 1370 492 1435 verbe
509 1366 692 1461 πανηγύρει
707 1385 741 1437 et
752 1394 837 1462 quae
851 1386 1037 1462 sequuntur,
1052 1378 1089 1441 in
1102 1364 1259 1463 eppositio·

222 1496 263 1538 ne
276 1473 383 1559 positu
395 1473 469 1554 sint,
491 1487 587 1560 etque
607 1475 672 1540 iste
684 1471 868 1562 πανηγύρει
888 1476 945 1540 καὶ
963 1511 1007 1525 -
1021 1473 1258 1564 a'noysypeppl-
1289 1506 1292 1591 ρ

219 1596 285 1641 ναν
301 1573 485 1637 declarandi
495 1596 614 1638 caussa
629 1597 656 1640 s.
671 1576 898 1659 descriptionis
912 1577 1015 1639 instar
1029 1578 1171 1659 adiecta,
1192 1575 1257 1664 quel
1290 1594 1292 1619 ¹

219 1676 348 1762 quidem
374 1674 468 1739 nobis
498 1675 639 1739 videtur*
677 1674 798 1752 Quidni
826 1677 912 1741 enim
943 1676 1054 1763 angeli
1084 1679 1198 1763 primi,
1218 1686 1257 1745 ud

218 1779 309 1860 prius
323 1778 408 1840 inter
418 1774 554 1840 coelites
571 1777 728 1839 numerati
749 1775 910 1858 dicantur,
934 1799 1028 1864 quum
1051 1777 1255 1862 hominesqd

219 1877 315 1962 lon‘ge
337 1889 411 1962 post
435 1898 493 1941 eos
511 1880 545 1940 in
567 1875 736 1941 beatorum
764 1876 873 1941 sedem
902 1889 1056 1964 tanquam
1082 1870 1255 1964 adscriptitii

29 2061 35 2069 .
218 1979 475 2065 perveneruntl“
497 1978 551 2063 (of.
565 1977 737 2043 ,dlicloele's
748 1977 790 2040 ed
802 1976 834 2042 h.
847 1976 884 2063 l.)
907 1977 1031 2044 Vertit:
1053 1990 1088 2045 et
1102 1983 1148 2047 ud
1161 1964 1254 2058 indm

143 2138 146 2144 ,
218 2091 283 2146 tom
307 2086 429 2164 copiunt
448 2083 642 2163 angelorum,
665 2079 908 2147 celebrationem
934 2077 1019 2164 (Cic.
1033 2079 1104 2146 off.
1119 2086 1149 2162 1,
1164 2080 1207 2164 4.)
1219 2083 1252 2143 ci

115 2247 119 2255 ,
216 2182 332 2248 delicet
354 2203 395 2248 oc
414 2192 536 2246 coetum
556 2201 681 2260 eorum,
704 2189 760 2268 qui
773 2188 905 2267 priores
930 2186 965 2246 ιά
986 2185 1085 2246 coelis
1112 2184 1254 2265 adeot'pli

122 2282 125 2287 ’
207 2282 360 2361 ficerunt.
402 2281 534 2346 Rectius
552 2301 632 2344 vero
655 2279 729 2346 seo.
755 2279 948 2361 Schneider,
970 2280 1162 2363 Bengela'm,
1193 2279 1251 2344 cn.
1290 2274 1292 2285 '

214 2384 309 2452 Fen.
334 2382 526 2462 Schmidiom
551 2380 794 2464 Grietducltiut,
817 2383 1008 2468 Knuppiue,
1037 2383 1177 2448 Valerus
1195 2388 1252 2466 post
1287 2308 1292 2423 l

200 2482 369 2572 ’μυριάσιν
388 2496 421 2548 et
442 2483 629 2569 πανηγύρει
649 2484 896 2568 inter-pungunt,
926 2481 1044 2567 quibus
1065 2495 1098 2547 et
1120 2483 1251 2547 Bessos
1289 2438 1292 2565 l

83 2652 84 2656 ,
213 2585 434 2670 adstipulatur,
454 2597 488 2647 nt
503 2581 655 2668 ἀγγέλων
668 2580 849 2670 πανηγύρει
864 2604 924 2666 per
939 2585 1177 2667 appositionem
1191 2578 1251 2644 sub·
1289 2584 1292 2633 Ι

211 2689 353 2750 iunctum
366 2665 416 2750 'sit
438 2683 595 2748 vocabulo
615 2680 780 2768 μυριάσιν.
823 2682 950 2746 Inesset
970 2685 1006 2746 in
1026 2680 1252 2769 πανηγύρεια
1288 2662 1292 2779 l

211 2784 380 2877 ἐκκλησία,
402 2788 441 2851 de
454 2807 518 2848 una
533 2784 709 2867 eademque
729 2804 765 2845 re
791 2782 897 2865 dictis,
916 2783 1127 2869 pleonasmus
1150 2783 1251 2851 iuhoo
1288 2788 1292 2833 Ι

211 2891 368 2972 scriptore
381 2890 441 2952 vix
450 2886 613 2951 ferendus.
655 2881 844 2968 Legendum
859 2906 955 2970 orgo:
974 2883 1146 2971 μυριάσιν,
1168 2881 1251 2968 άγγέ·

190 3040 192 3043 .
210 2987 488 3074 λωνπαυηγύρει,
509 2989 567 3053 καὶ
579 2983 742 3073 ἐκκλησίᾳ
758 2997 819 3048 etc.
855 2983 1056 3071 Angelorum
1071 2989 1250 3052 mentionem

208 3089 326 3155 fuctum
339 3111 413 3153 esse
430 3091 579 3174 opinatur
593 3087 766 3173 Knoppiuc
787 3084 927 3170 Opuscc.
944 3109 975 3172 p.
991 3093 1072 3152 254..
1087 3096 1248 3171 praeeunte

208 3191 346 3276 Kyplio,
375 3190 501 3277 quode
526 3189 717 3253 Iudaeorum
741 3187 902 3267 doctrine,
929 3186 1023 3250 Deus
1040 3210 1101 3273 per
1126 3184 1248 3273 augelus

208 3291 314 3378 legem
329 3291 552 3377 perferendum
570 3289 610 3352 ad
633 3289 779 3363 homines
801 3287 934 3350 curavit.
977 3287 1045 3351 Sed
1064 3288 1247 3353 'commemo

208 3405 318 3456 rentur
334 3391 451 3477 angeli,
473 3393 625 3476 quoniam
639 3387 678 3452 de
694 3386 797 3451 coelo·
809 3407 914 3450 sermo
932 3399 993 3468 est,
1016 3388 1059 3451 cd
1078 3388 1141 3454 hoc
1158 3392 1248 3473 ipsun

207 3491 462 3578 significandum,
485 3505 517 3556 et
530 3492 605 3585 quia
620 3489 731 3554 Iudaei
752 3485 886 3572 angelos
909 3486 975 3553 Dei
996 3488 1158 3570 thronum,
1179 3488 1247 3552 chri,

207 3598 303 3660 stieni
327 3596 423 3658 etiam
447 3593 523 3657 Iesu
542 3591 688 3656 Messius
711 3588 753 3652 ad
768 3587 833 3651 Dei
848 3587 997 3652 dextrum
1011 3589 1158 3655 sedentis
1171 3589 1245 3656 thro·

175 3726 179 3733 ·
206 3720 292 3779 num,
319 3699 439 3780 stipere
467 3693 652 3758 credebant.
680 3688 801 3775 μυριάς
824 3687 944 3752 indicat
967 3710 1130 3771 numeru!
1152 3693 1245 3757 decen

205 3785 343 3878 αιιἸΙίαπι,
365 3797 434 3861 Act.
454 3804 504 3876 19,
523 3801 572 3859 19.
594 3791 735 3857 Plurelis
750 3800 784 3853 ut
796 3786 898 3851 Hebr.
912 3789 1018 3880 nitigi]
1032 3812 1093 3874 pro
1115 3810 1244 3877 quocun·

205 3924 268 3990 que
285 3920 418 3963 numero
431 3918 547 3982 magno
568 3906 600 3958 et
620 3890 787 3956 indefinito
805 3889 954 3974 ponitur‚‘
965 3902 1000 3952 ut
1019 3889 1119 3957 Dent.
1133 3896 1241 3979 32,j30.

204 4001 324 4068 Iudith.
341 4005 390 4080 16,
407 4004 437 4063 3.
461 3997 541 4060 Luc.
558 4001 610 4073 21,
624 3997 676 4059 20.
1000 4054 1003 4059 ,

287 4109 339 4168 23.
360 4095 544 4185 πανήγυρις
565 4094 695 4179 proprie
722 4092 838 4156 dicitur
867 4101 1037 4157 convenies
1067 4096 1199 4158 solennis
1215 4098 1242 4154 et

197 4202 339 4282 festivos
362 4203 492 4297 populi*
512 4198 577 4285 ,qui
609 4191 797 4276 sacrificiis,
824 4190 910 4267 ludis
940 4189 1096 4279 publicis,
1115 4192 1240 4280 aliisque
