<?xml version="1.0" encoding="UTF-8"?>
<!DOCTYPE html PUBLIC "-//W3C//DTD XHTML 1.0 Transitional//EN"
    "http://www.w3.org/TR/xhtml1/DTD/xhtml1-transitional.dtd">
<html xmlns="http://www.w3.org/1999/xhtml" xml:lang="en" lang="en">
 <head>
  <title>
</title>
<meta http-equiv="Content-Type" content="text/html;charset=utf-8" />
  <meta name='ocr-system' content='tesseract 3.04.00' />
  <meta name='ocr-capabilities' content='ocr_page ocr_carea ocr_par ocr_line ocrx_word'/>
</head>
<body>
  <div class='ocr_page' id='page_1' title='image "./dchristianitheo00kuehgoog_0171.png"; bbox 0 0 2604 4746; ppageno 0'>
   <div class='ocr_carea' id='block_1_1' title="bbox 332 320 1113 400">
    <p class='ocr_par' dir='ltr' id='par_1_1' title="bbox 332 320 1113 400">
     <span class='ocr_line' id='line_1_1' title="bbox 332 320 1113 400; baseline -0.006 1"><span class='ocrx_word' id='word_1_1' title='bbox 332 323 498 400; x_wconf 81' lang='grc'><strong>61111</strong></span> <span class='ocrx_word' id='word_1_2' title='bbox 523 320 596 397; x_wconf 65' lang='lat' dir='ltr'><strong>lvx</strong></span> <span class='ocrx_word' id='word_1_3' title='bbox 635 340 670 393; x_wconf 91' lang='lat' dir='ltr'><strong>v.</strong></span> <span class='ocrx_word' id='word_1_4' title='bbox 691 326 828 395; x_wconf 74' lang='grc'><strong>1114.</strong></span> <span class='ocrx_word' id='word_1_5' title='bbox 1039 325 1113 397; x_wconf 82' lang='grc'><strong>137</strong></span> 
     </span>
    </p>
   </div>
   <div class='ocr_carea' id='block_1_2' title="bbox 32 487 1196 1788">
    <p class='ocr_par' dir='ltr' id='par_1_2' title="bbox 32 487 1117 977">
     <span class='ocr_line' id='line_1_2' title="bbox 37 487 1114 581; baseline -0.013 -16"><span class='ocrx_word' id='word_1_6' title='bbox 37 512 105 565; x_wconf 88' lang='lat' dir='ltr'><strong>non</strong></span> <span class='ocrx_word' id='word_1_7' title='bbox 122 495 224 565; x_wconf 91' lang='lat' dir='ltr'><strong>modo</strong></span> <span class='ocrx_word' id='word_1_8' title='bbox 238 494 314 561; x_wconf 79' lang='lat' dir='ltr'><strong>usui</strong></span> <span class='ocrx_word' id='word_1_9' title='bbox 325 489 492 581; x_wconf 83' lang='lat' dir='ltr'><strong>loquendi,</strong></span> <span class='ocrx_word' id='word_1_10' title='bbox 515 487 685 553; x_wconf 87' lang='lat' dir='ltr'><strong>sedetiam</strong></span> <span class='ocrx_word' id='word_1_11' title='bbox 700 497 853 551; x_wconf 84' lang='lat' dir='ltr'><strong>contexto</strong></span> <span class='ocrx_word' id='word_1_12' title='bbox 871 487 1013 551; x_wconf 89' lang='lat' dir='ltr'><strong>sermoni</strong></span> <span class='ocrx_word' id='word_1_13' title='bbox 1027 507 1114 552; x_wconf 89' lang='lat' dir='ltr'><strong>cum·</strong></span> 
     </span>
     <span class='ocr_line' id='line_1_3' title="bbox 37 585 1114 667; baseline -0.012 0"><span class='ocrx_word' id='word_1_14' title='bbox 37 601 189 667; x_wconf 81' lang='lat' dir='ltr'><strong>maxime</strong></span> <span class='ocrx_word' id='word_1_15' title='bbox 202 605 423 663; x_wconf 86' lang='lat' dir='ltr'><strong>consentanea</strong></span> <span class='ocrx_word' id='word_1_16' title='bbox 434 602 501 657; x_wconf 76' lang='lat' dir='ltr'><strong>ost·</strong></span> <span class='ocrx_word' id='word_1_17' title='bbox 541 589 665 654; x_wconf 79' lang='lat' dir='ltr'><strong>Severe</strong></span> <span class='ocrx_word' id='word_1_18' title='bbox 676 585 764 652; x_wconf 85' lang='lat' dir='ltr'><strong>enim</strong></span> <span class='ocrx_word' id='word_1_19' title='bbox 778 599 812 650; x_wconf 90' lang='lat' dir='ltr'><strong>et</strong></span> <span class='ocrx_word' id='word_1_20' title='bbox 822 588 990 652; x_wconf 77' lang='lat' dir='ltr'><strong>minaciter</strong></span> <span class='ocrx_word' id='word_1_21' title='bbox 1002 589 1114 654; x_wconf 89' lang='lat' dir='ltr'><strong>admo·</strong></span> 
     </span>
     <span class='ocr_line' id='line_1_4' title="bbox 32 686 1116 782; baseline -0.009 -17"><span class='ocrx_word' id='word_1_22' title='bbox 32 721 121 767; x_wconf 80' lang='lat' dir='ltr'><strong>‚nere</strong></span> <span class='ocrx_word' id='word_1_23' title='bbox 142 696 250 762; x_wconf 85' lang='lat' dir='ltr'><strong>voluit</strong></span> <span class='ocrx_word' id='word_1_24' title='bbox 273 698 413 782; x_wconf 77' lang='lat' dir='ltr'>scriptor</span> <span class='ocrx_word' id='word_1_25' title='bbox 430 690 576 758; x_wconf 85' lang='lat' dir='ltr'><strong>lectores</strong></span> <span class='ocrx_word' id='word_1_26' title='bbox 596 691 631 753; x_wconf 91' lang='lat' dir='ltr'><strong>iu</strong></span> <span class='ocrx_word' id='word_1_27' title='bbox 647 686 715 753; x_wconf 86' lang='lat' dir='ltr'><strong>line</strong></span> <span class='ocrx_word' id='word_1_28' title='bbox 733 686 830 751; x_wconf 88' lang='lat' dir='ltr'><strong>huius</strong></span> <span class='ocrx_word' id='word_1_29' title='bbox 855 690 982 774; x_wconf 90' lang='lat' dir='ltr'><strong>capitis.</strong></span> <span class='ocrx_word' id='word_1_30' title='bbox 1025 688 1116 755; x_wconf 90' lang='lat' dir='ltr'><strong>Inest</strong></span> 
     </span>
     <span class='ocr_line' id='line_1_5' title="bbox 43 786 1117 865; baseline -0.007 -2"><span class='ocrx_word' id='word_1_31' title='bbox 43 811 154 865; x_wconf 87' lang='lat' dir='ltr'><strong>autem</strong></span> <span class='ocrx_word' id='word_1_32' title='bbox 172 798 305 862; x_wconf 89' lang='lat' dir='ltr'><strong>omnino</strong></span> <span class='ocrx_word' id='word_1_33' title='bbox 322 794 434 861; x_wconf 86' lang='lat' dir='ltr'><strong>verbis</strong></span> <span class='ocrx_word' id='word_1_34' title='bbox 449 792 610 857; x_wconf 86' lang='lat' dir='ltr'><strong>sententia</strong></span> <span class='ocrx_word' id='word_1_35' title='bbox 622 787 717 853; x_wconf 90' lang='lat' dir='ltr'><strong>haec:</strong></span> <span class='ocrx_word' id='word_1_36' title='bbox 739 789 824 851; x_wconf 84' lang='lat' dir='ltr'><strong>ratio</strong></span> <span class='ocrx_word' id='word_1_37' title='bbox 840 786 936 852; x_wconf 89' lang='lat' dir='ltr'><strong>nobis</strong></span> <span class='ocrx_word' id='word_1_38' title='bbox 952 789 1117 855; x_wconf 78' lang='lat' dir='ltr'><strong>reddenda</strong></span> 
     </span>
     <span class='ocr_line' id='line_1_6' title="bbox 44 886 1116 977; baseline -0.009 -11"><span class='ocrx_word' id='word_1_39' title='bbox 44 911 94 965; x_wconf 84' lang='lat' dir='ltr'><strong>est</strong></span> <span class='ocrx_word' id='word_1_40' title='bbox 105 897 186 965; x_wconf 86' lang='lat' dir='ltr'><strong>Deo</strong></span> <span class='ocrx_word' id='word_1_41' title='bbox 204 897 342 964; x_wconf 79' lang='lat' dir='ltr'><strong>minanti</strong></span> <span class='ocrx_word' id='word_1_42' title='bbox 362 907 396 960; x_wconf 93' lang='lat' dir='ltr'><strong>et</strong></span> <span class='ocrx_word' id='word_1_43' title='bbox 415 905 620 959; x_wconf 87' lang='lat' dir='ltr'><strong>contumaces</strong></span> <span class='ocrx_word' id='word_1_44' title='bbox 633 888 792 976; x_wconf 74' lang='lat' dir='ltr'><strong>punienti.</strong></span> <span class='ocrx_word' id='word_1_45' title='bbox 835 886 924 952; x_wconf 90' lang='lat' dir='ltr'><strong>Bene</strong></span> <span class='ocrx_word' id='word_1_46' title='bbox 940 888 1116 977; x_wconf 83' lang='lat' dir='ltr'><strong>Theophy·</strong></span> 
     </span>
    </p>

    <p class='ocr_par' dir='ltr' id='par_1_3' title="bbox 44 986 1162 1278">
     <span class='ocr_line' id='line_1_7' title="bbox 44 986 1115 1084; baseline -0.007 -18"><span class='ocrx_word' id='word_1_47' title='bbox 44 1000 152 1070; x_wconf 83' lang='lat' dir='ltr'><strong>lactus</strong></span> <span class='ocrx_word' id='word_1_48' title='bbox 165 994 448 1111; x_wconf 39' lang='lat' dir='ltr'><strong>exposuituverba:</strong></span> <span class='ocrx_word' id='word_1_49' title='bbox 472 1017 497 1058; x_wconf 87' lang='grc' dir='ltr'><em>ω</em></span> <span class='ocrx_word' id='word_1_50' title='bbox 478 986 673 1084; x_wconf 62' lang='grc' dir='ltr'><em>ἷμέλλομεν</em></span> <span class='ocrx_word' id='word_1_51' title='bbox 686 987 802 1056; x_wconf 74' lang='grc' dir='ltr'>δοῦναι</span> <span class='ocrx_word' id='word_1_52' title='bbox 820 988 901 1066; x_wconf 75' lang='grc' dir='ltr'><strong>τούς</strong></span> <span class='ocrx_word' id='word_1_53' title='bbox 915 987 1037 1072; x_wconf 82' lang='grc' dir='ltr'><strong><em>λόγους</em></strong></span> <span class='ocrx_word' id='word_1_54' title='bbox 1056 993 1115 1059; x_wconf 74' lang='grc' dir='ltr'><strong>καὶ</strong></span> 
     </span>
     <span class='ocr_line' id='line_1_8' title="bbox 46 1088 1129 1184; baseline -0.005 -19"><span class='ocrx_word' id='word_1_55' title='bbox 46 1098 107 1184; x_wconf 73' lang='grc' dir='ltr'><strong>τᾶς</strong></span> <span class='ocrx_word' id='word_1_56' title='bbox 120 1094 338 1175; x_wconf 69' lang='grc' dir='ltr'><strong>εὐθύνας</strong></span> <span class='ocrx_word' id='word_1_57' title='bbox 294 1119 360 1164; x_wconf 82' lang='grc' dir='ltr'><strong>των</strong></span> <span class='ocrx_word' id='word_1_58' title='bbox 375 1093 629 1182; x_wconf 74' lang='grc' dir='ltr'><strong>πεπραγμένων.</strong></span> <span class='ocrx_word' id='word_1_59' title='bbox 671 1088 788 1178; x_wconf 90' lang='lat' dir='ltr'><strong>Neque</strong></span> <span class='ocrx_word' id='word_1_60' title='bbox 807 1089 903 1156; x_wconf 90' lang='lat' dir='ltr'><strong>aliter</strong></span> <span class='ocrx_word' id='word_1_61' title='bbox 921 1091 1129 1179; x_wconf 61' lang='lat' dir='ltr'><strong>Chrysosest.</strong></span> 
     </span>
     <span class='ocr_line' id='line_1_9' title="bbox 46 1189 1162 1278; baseline -0.003 -12"><span class='ocrx_word' id='word_1_62' title='bbox 46 1221 117 1266; x_wconf 88' lang='lat' dir='ltr'><strong>mus</strong></span> <span class='ocrx_word' id='word_1_63' title='bbox 130 1211 168 1263; x_wconf 88' lang='grc'><strong>11</strong></span> <span class='ocrx_word' id='word_1_64' title='bbox 179 1199 410 1265; x_wconf 87' lang='lat' dir='ltr'><strong>Oecumemns</strong></span> <span class='ocrx_word' id='word_1_65' title='bbox 453 1194 537 1260; x_wconf 86' lang='lat' dir='ltr'><strong>Voc.</strong></span> <span class='ocrx_word' id='word_1_66' title='bbox 551 1189 656 1278; x_wconf 83' lang='grc' dir='ltr'><strong><em>λόγος</em></strong></span> <span class='ocrx_word' id='word_1_67' title='bbox 673 1203 711 1257; x_wconf 91' lang='lat' dir='ltr'><strong>nt</strong></span> <span class='ocrx_word' id='word_1_68' title='bbox 726 1189 832 1257; x_wconf 87' lang='lat' dir='ltr'><strong>Hehr.</strong></span> <span class='ocrx_word' id='word_1_69' title='bbox 850 1202 917 1260; x_wconf 63' lang='grc'><strong>131</strong></span> <span class='ocrx_word' id='word_1_70' title='bbox 936 1194 1024 1260; x_wconf 93' lang='lat' dir='ltr'><strong>haud</strong></span> <span class='ocrx_word' id='word_1_71' title='bbox 1039 1216 1115 1264; x_wconf 90' lang='lat' dir='ltr'><strong>raro</strong></span> <span class='ocrx_word' id='word_1_72' title='bbox 1157 1240 1162 1249; x_wconf 47' lang='grc' dir='ltr'>ι</span> 
     </span>
    </p>

    <p class='ocr_par' dir='ltr' id='par_1_4' title="bbox 48 1288 1196 1788">
     <span class='ocr_line' id='line_1_10' title="bbox 48 1288 1196 1385; baseline -0.004 -18"><span class='ocrx_word' id='word_1_73' title='bbox 48 1322 126 1379; x_wconf 81' lang='lat' dir='ltr'><strong>ress,</strong></span> <span class='ocrx_word' id='word_1_74' title='bbox 148 1307 311 1385; x_wconf 72' lang='lat' dir='ltr'><strong>negotium</strong></span> <span class='ocrx_word' id='word_1_75' title='bbox 330 1299 452 1363; x_wconf 89' lang='lat' dir='ltr'><strong>indicat</strong></span> <span class='ocrx_word' id='word_1_76' title='bbox 469 1295 561 1361; x_wconf 87' lang='lat' dir='ltr'><strong>Iudd.</strong></span> <span class='ocrx_word' id='word_1_77' title='bbox 585 1300 636 1376; x_wconf 84' lang='lat'><strong>18,</strong></span> <span class='ocrx_word' id='word_1_78' title='bbox 655 1288 835 1359; x_wconf 67' lang='grc'><strong>211111</strong></span> <span class='ocrx_word' id='word_1_79' title='bbox 802 1316 835 1359; x_wconf 81' lang='lat' dir='ltr'><strong>oc</strong></span> <span class='ocrx_word' id='word_1_80' title='bbox 853 1316 882 1359; x_wconf 94' lang='lat' dir='ltr'><strong>o.</strong></span> <span class='ocrx_word' id='word_1_81' title='bbox 873 1290 1035 1361; x_wconf 68' lang='lat' dir='ltr'><strong>&#39;habena</strong></span> <span class='ocrx_word' id='word_1_82' title='bbox 1057 1296 1118 1364; x_wconf 75' lang='grc' dir='ltr'><strong>οὐκ</strong></span> <span class='ocrx_word' id='word_1_83' title='bbox 1189 1345 1196 1362; x_wconf 86' lang='grc'><strong>.</strong></span> 
     </span>
     <span class='ocr_line' id='line_1_11' title="bbox 49 1389 1118 1485; baseline -0.004 -16"><span class='ocrx_word' id='word_1_84' title='bbox 49 1398 142 1469; x_wconf 79' lang='grc' dir='ltr'>ἔστιν</span> <span class='ocrx_word' id='word_1_85' title='bbox 164 1399 282 1477; x_wconf 78' lang='grc' dir='ltr'><strong><em>αὐτοῖς</em></strong></span> <span class='ocrx_word' id='word_1_86' title='bbox 301 1397 388 1485; x_wconf 69' lang='grc' dir='ltr'><strong>μετὰ</strong></span> <span class='ocrx_word' id='word_1_87' title='bbox 406 1389 603 1484; x_wconf 73' lang='grc' dir='ltr'><strong>ἀνθρώπου.</strong></span> <span class='ocrx_word' id='word_1_88' title='bbox 623 1392 761 1480; x_wconf 59' lang='grc'><strong>211133.</strong></span> <span class='ocrx_word' id='word_1_89' title='bbox 778 1399 811 1475; x_wconf 89' lang='grc'><strong>9,</strong></span> <span class='ocrx_word' id='word_1_90' title='bbox 826 1399 857 1460; x_wconf 82' lang='grc'><strong>5.</strong></span> <span class='ocrx_word' id='word_1_91' title='bbox 880 1393 994 1461; x_wconf 88' lang='lat' dir='ltr'><strong>LXX.</strong></span> <span class='ocrx_word' id='word_1_92' title='bbox 1014 1398 1118 1484; x_wconf 83' lang='grc' dir='ltr'><strong><em>λόγος</em></strong></span> 
     </span>
     <span class='ocr_line' id='line_1_12' title="bbox 51 1493 1117 1589; baseline 0 -23"><span class='ocrx_word' id='word_1_93' title='bbox 51 1524 105 1587; x_wconf 82' lang='grc' dir='ltr'>μοι</span> <span class='ocrx_word' id='word_1_94' title='bbox 116 1501 206 1587; x_wconf 77' lang='grc' dir='ltr'><strong>πρὸς</strong></span> <span class='ocrx_word' id='word_1_95' title='bbox 219 1499 293 1568; x_wconf 79' lang='grc' dir='ltr'><strong>σ’ὲὸ</strong></span> <span class='ocrx_word' id='word_1_96' title='bbox 306 1497 423 1588; x_wconf 52' lang='grc' dir='ltr'><strong>ἢχων.</strong></span> <span class='ocrx_word' id='word_1_97' title='bbox 464 1496 582 1584; x_wconf 80' lang='lat' dir='ltr'>Neque</span> <span class='ocrx_word' id='word_1_98' title='bbox 596 1496 712 1561; x_wconf 87' lang='lat' dir='ltr'><strong>desunt</strong></span> <span class='ocrx_word' id='word_1_99' title='bbox 724 1493 878 1582; x_wconf 86' lang='lat' dir='ltr'><strong>exempla</strong></span> <span class='ocrx_word' id='word_1_100' title='bbox 897 1498 1018 1564; x_wconf 90' lang='lat' dir='ltr'><strong>similia</strong></span> <span class='ocrx_word' id='word_1_101' title='bbox 1031 1505 1117 1589; x_wconf 90' lang='lat' dir='ltr'><strong>apud</strong></span> 
     </span>
     <span class='ocr_line' id='line_1_13' title="bbox 53 1590 1118 1688; baseline -0.005 -22"><span class='ocrx_word' id='word_1_102' title='bbox 53 1605 229 1688; x_wconf 73' lang='lat' dir='ltr'><strong>scriptores</strong></span> <span class='ocrx_word' id='word_1_103' title='bbox 251 1599 397 1666; x_wconf 81' lang='lat' dir='ltr'><strong>Graecos</strong></span> <span class='ocrx_word' id='word_1_104' title='bbox 417 1621 449 1663; x_wconf 88' lang='lat' dir='ltr'><strong>v.</strong></span> <span class='ocrx_word' id='word_1_105' title='bbox 472 1599 670 1665; x_wconf 71' lang='lat' dir='ltr'><strong>Weutessm</strong></span> <span class='ocrx_word' id='word_1_106' title='bbox 692 1590 791 1661; x_wconf 79' lang='lat' dir='ltr'><strong>ad&#39;h.</strong></span> <span class='ocrx_word' id='word_1_107' title='bbox 810 1594 834 1661; x_wconf 92' lang='lat'><strong>1.</strong></span> <span class='ocrx_word' id='word_1_108' title='bbox 857 1597 942 1684; x_wconf 80' lang='grc' dir='ltr'><strong><em>πρὸς</em></strong></span> <span class='ocrx_word' id='word_1_109' title='bbox 954 1601 1118 1686; x_wconf 79' lang='lat' dir='ltr'><strong>significat</strong></span> 
     </span>
     <span class='ocr_line' id='line_1_14' title="bbox 56 1694 1118 1788; baseline 0 -20"><span class='ocrx_word' id='word_1_110' title='bbox 56 1725 129 1785; x_wconf 81' lang='grc'><strong>111,</strong></span> <span class='ocrx_word' id='word_1_111' title='bbox 151 1698 380 1783; x_wconf 87' lang='grc'><strong>1110,16.11</strong></span> <span class='ocrx_word' id='word_1_112' title='bbox 397 1721 493 1788; x_wconf 90' lang='lat' dir='ltr'><strong>quem</strong></span> <span class='ocrx_word' id='word_1_113' title='bbox 510 1718 606 1762; x_wconf 90' lang='lat' dir='ltr'><strong>usum</strong></span> <span class='ocrx_word' id='word_1_114' title='bbox 625 1694 722 1760; x_wconf 91' lang='lat' dir='ltr'><strong>huius</strong></span> <span class='ocrx_word' id='word_1_115' title='bbox 741 1695 919 1781; x_wconf 79' lang='lat' dir='ltr'><strong>particulae</strong></span> <span class='ocrx_word' id='word_1_116' title='bbox 940 1699 1118 1769; x_wconf 83' lang='lat' dir='ltr'><strong>illustravit</strong></span> 
     </span>
    </p>
   </div>
   <div class='ocr_carea' id='block_1_3' title="bbox 56 1792 1115 2071">
    <p class='ocr_par' dir='ltr' id='par_1_5' title="bbox 56 1792 1115 2047">
     <span class='ocr_line' id='line_1_15' title="bbox 56 1792 1115 1923; baseline 0.001 -51"><span class='ocrx_word' id='word_1_117' title='bbox 56 1803 227 1872; x_wconf 64' lang='lat' dir='ltr'><strong>secema</strong></span> <span class='ocrx_word' id='word_1_118' title='bbox 238 1801 433 1871; x_wconf 80' lang='lat' dir='ltr'><strong>Animadvv.</strong></span> <span class='ocrx_word' id='word_1_119' title='bbox 450 1801 491 1866; x_wconf 93' lang='lat' dir='ltr'><strong>ad</strong></span> <span class='ocrx_word' id='word_1_120' title='bbox 511 1798 648 1864; x_wconf 71' lang='lat' dir='ltr'><strong>Wolters</strong></span> <span class='ocrx_word' id='word_1_121' title='bbox 660 1792 804 1864; x_wconf 86' lang='lat' dir='ltr'><strong>Gramm.</strong></span> <span class='ocrx_word' id='word_1_122' title='bbox 820 1796 970 1923; x_wconf 68' lang='grc'><strong>(11111.</strong></span> <span class='ocrx_word' id='word_1_123' title='bbox 986 1810 1018 1871; x_wconf 96' lang='grc'><strong>3.</strong></span> <span class='ocrx_word' id='word_1_124' title='bbox 1035 1805 1115 1872; x_wconf 85' lang='grc' dir='ltr'><strong>Ρ.2.</strong></span> 
     </span>
     <span class='ocr_line' id='line_1_16' title="bbox 56 1911 301 2071; baseline 0 -98"><span class='ocrx_word' id='word_1_125' title='bbox 56 1927 86 1991; x_wconf 88' lang='lat' dir='ltr'><strong>p</strong></span> <span class='ocrx_word' id='word_1_126' title='bbox 99 1911 175 2017; x_wconf 83' lang='grc'><strong>259.</strong></span> <span class='ocrx_word' id='word_1_127' title='bbox 224 1964 301 2071; x_wconf 38' lang='grc' dir='ltr'><strong>,ᾖ</strong></span> 
     </span>
    </p>
   </div>
   <div class='ocr_carea' id='block_1_4' title="bbox 61 2103 1235 3617">
    <p class='ocr_par' dir='ltr' id='par_1_6' title="bbox 61 2103 1235 3617">
     <span class='ocr_line' id='line_1_17' title="bbox 72 2103 1119 2205; baseline 0.003 -31.199"><span class='ocrx_word' id='word_1_128' title='bbox 72 2112 191 2205; x_wconf 91' lang='grc'><strong>,.14</strong></span> <span class='ocrx_word' id='word_1_129' title='bbox 211 2061 392 2171; x_wconf 75' lang='grc'><strong>1111111111</strong></span> <span class='ocrx_word' id='word_1_130' title='bbox 409 2112 623 2190; x_wconf 76' lang='lat' dir='ltr'><strong>pertractatur</strong></span> <span class='ocrx_word' id='word_1_131' title='bbox 634 2111 867 2186; x_wconf 81' lang='lat' dir='ltr'><strong>argumentum,</strong></span> <span class='ocrx_word' id='word_1_132' title='bbox 889 2107 987 2189; x_wconf 88' lang='lat' dir='ltr'><strong>qnod,</strong></span> <span class='ocrx_word' id='word_1_133' title='bbox 1009 2130 1038 2174; x_wconf 89' lang='lat' dir='ltr'><strong>sr</strong></span> <span class='ocrx_word' id='word_1_134' title='bbox 1028 2110 1119 2177; x_wconf 87' lang='lat' dir='ltr'><strong>dis-</strong></span> 
     </span>
     <span class='ocr_line' id='line_1_18' title="bbox 97 2200 1120 2291; baseline 0.005 -19"><span class='ocrx_word' id='word_1_135' title='bbox 97 2208 233 2273; x_wconf 88' lang='lat' dir='ltr'><strong>tationis</strong></span> <span class='ocrx_word' id='word_1_136' title='bbox 250 2207 371 2271; x_wconf 88' lang='lat' dir='ltr'><strong>seriem</strong></span> <span class='ocrx_word' id='word_1_137' title='bbox 385 2204 574 2291; x_wconf 71' lang='lat' dir='ltr'><strong>diligentius</strong></span> <span class='ocrx_word' id='word_1_138' title='bbox 591 2200 864 2286; x_wconf 78' lang='lat' dir='ltr'><strong>consideraveris,</strong></span> <span class='ocrx_word' id='word_1_139' title='bbox 894 2221 1010 2291; x_wconf 89' lang='lat' dir='ltr'><strong>sponte</strong></span> <span class='ocrx_word' id='word_1_140' title='bbox 1025 2224 1057 2274; x_wconf 91' lang='lat' dir='ltr'><strong>et</strong></span> <span class='ocrx_word' id='word_1_141' title='bbox 1070 2213 1120 2277; x_wconf 92' lang='lat' dir='ltr'><strong>ul-</strong></span> 
     </span>
     <span class='ocr_line' id='line_1_19' title="bbox 61 2300 1121 2396; baseline 0.002 -19"><span class='ocrx_word' id='word_1_142' title='bbox 61 2322 103 2377; x_wconf 85' lang='grc'><strong>111</strong></span> <span class='ocrx_word' id='word_1_143' title='bbox 118 2309 294 2376; x_wconf 83' lang='lat' dir='ltr'><strong>concedes.</strong></span> <span class='ocrx_word' id='word_1_144' title='bbox 335 2307 479 2375; x_wconf 89' lang='lat' dir='ltr'><strong>Parum</strong></span> <span class='ocrx_word' id='word_1_145' title='bbox 468 2308 567 2392; x_wconf 78' lang='lat' dir='ltr'><strong>igitur</strong></span> <span class='ocrx_word' id='word_1_146' title='bbox 580 2315 729 2368; x_wconf 89' lang='lat' dir='ltr'><strong>accurate</strong></span> <span class='ocrx_word' id='word_1_147' title='bbox 743 2301 775 2366; x_wconf 90' lang='lat' dir='ltr'><strong>h</strong></span> <span class='ocrx_word' id='word_1_148' title='bbox 782 2300 807 2368; x_wconf 95' lang='lat' dir='ltr'><strong>l</strong></span> <span class='ocrx_word' id='word_1_149' title='bbox 817 2304 968 2372; x_wconf 94' lang='grc'><strong>11111111</strong></span> <span class='ocrx_word' id='word_1_150' title='bbox 981 2316 1121 2396; x_wconf 88' lang='lat' dir='ltr'><strong>capitum</strong></span> 
     </span>
     <span class='ocr_line' id='line_1_20' title="bbox 64 2403 1121 2498; baseline 0.002 -20"><span class='ocrx_word' id='word_1_151' title='bbox 64 2412 186 2493; x_wconf 87' lang='lat' dir='ltr'><strong>divisio,</strong></span> <span class='ocrx_word' id='word_1_152' title='bbox 212 2423 309 2498; x_wconf 85' lang='lat' dir='ltr'><strong>atque</strong></span> <span class='ocrx_word' id='word_1_153' title='bbox 324 2406 415 2488; x_wconf 85' lang='lat' dir='ltr'><strong>hinc,</strong></span> <span class='ocrx_word' id='word_1_154' title='bbox 430 2409 491 2469; x_wconf 92' lang='lat' dir='ltr'><strong>ut&#39;</strong></span> <span class='ocrx_word' id='word_1_155' title='bbox 481 2429 547 2473; x_wconf 84' lang='lat' dir='ltr'><strong>ram</strong></span> <span class='ocrx_word' id='word_1_156' title='bbox 556 2403 648 2471; x_wconf 74' lang='lat' dir='ltr'><strong>Besa</strong></span> <span class='ocrx_word' id='word_1_157' title='bbox 660 2406 794 2486; x_wconf 88' lang='lat' dir='ltr'><strong>monuit,</strong></span> <span class='ocrx_word' id='word_1_158' title='bbox 808 2426 928 2473; x_wconf 85' lang='lat' dir='ltr'><strong>novam</strong></span> <span class='ocrx_word' id='word_1_159' title='bbox 942 2415 1121 2481; x_wconf 87' lang='lat' dir='ltr'><strong>sectionem</strong></span> 
     </span>
     <span class='ocr_line' id='line_1_21' title="bbox 62 2495 1138 2598; baseline 0.004 -22"><span class='ocrx_word' id='word_1_160' title='bbox 62 2512 219 2598; x_wconf 88' lang='lat' dir='ltr'><strong>auspicari</strong></span> <span class='ocrx_word' id='word_1_161' title='bbox 231 2519 427 2594; x_wconf 85' lang='lat' dir='ltr'><strong>oportuerat.</strong></span> <span class='ocrx_word' id='word_1_162' title='bbox 469 2504 549 2592; x_wconf 78' lang='lat' dir='ltr'><strong>Agit</strong></span> <span class='ocrx_word' id='word_1_163' title='bbox 562 2515 669 2570; x_wconf 92' lang='lat' dir='ltr'><strong>autem</strong></span> <span class='ocrx_word' id='word_1_164' title='bbox 680 2503 733 2570; x_wconf 90' lang='lat' dir='ltr'><strong>hic</strong></span> <span class='ocrx_word' id='word_1_165' title='bbox 743 2502 836 2571; x_wconf 89' lang='lat' dir='ltr'><strong>locus</strong></span> <span class='ocrx_word' id='word_1_166' title='bbox 850 2508 890 2572; x_wconf 91' lang='lat' dir='ltr'><strong>de</strong></span> <span class='ocrx_word' id='word_1_167' title='bbox 907 2507 983 2574; x_wconf 90' lang='lat' dir='ltr'><strong>Iesu</strong></span> <span class='ocrx_word' id='word_1_168' title='bbox 994 2495 1138 2579; x_wconf 82' lang='lat' dir='ltr'><strong>Messio¹</strong></span> 
     </span>
     <span class='ocr_line' id='line_1_22' title="bbox 63 2607 1121 2700; baseline -0.003 -21"><span class='ocrx_word' id='word_1_169' title='bbox 63 2611 212 2700; x_wconf 84' lang='lat' dir='ltr'><strong>pontifice</strong></span> <span class='ocrx_word' id='word_1_170' title='bbox 232 2611 392 2690; x_wconf 81' lang='lat' dir='ltr'><strong>maximo,</strong></span> <span class='ocrx_word' id='word_1_171' title='bbox 415 2618 449 2672; x_wconf 92' lang='grc'><strong>11</strong></span> <span class='ocrx_word' id='word_1_172' title='bbox 467 2607 554 2695; x_wconf 89' lang='lat' dir='ltr'><strong>quod</strong></span> <span class='ocrx_word' id='word_1_173' title='bbox 573 2608 712 2693; x_wconf 89' lang='lat' dir='ltr'><strong>scriptor</strong></span> <span class='ocrx_word' id='word_1_174' title='bbox 727 2613 759 2688; x_wconf 82' lang='lat'><strong>2,</strong></span> <span class='ocrx_word' id='word_1_175' title='bbox 776 2613 817 2673; x_wconf 86' lang='grc'><strong>17</strong></span> <span class='ocrx_word' id='word_1_176' title='bbox 831 2630 880 2697; x_wconf 90' lang='lat' dir='ltr'><strong>sq.</strong></span> <span class='ocrx_word' id='word_1_177' title='bbox 908 2615 985 2691; x_wconf 89' lang='grc'><strong>3,1.</strong></span> <span class='ocrx_word' id='word_1_178' title='bbox 1006 2619 1121 2700; x_wconf 83' lang='lat' dir='ltr'><strong>paucis</strong></span> 
     </span>
     <span class='ocr_line' id='line_1_23' title="bbox 63 2707 1228 2799; baseline 0.004 -23"><span class='ocrx_word' id='word_1_179' title='bbox 63 2727 180 2782; x_wconf 77' lang='lat' dir='ltr'><strong>notum</strong></span> <span class='ocrx_word' id='word_1_180' title='bbox 200 2708 363 2799; x_wconf 77' lang='lat' dir='ltr'><strong>attigerat,</strong></span> <span class='ocrx_word' id='word_1_181' title='bbox 382 2709 651 2779; x_wconf 82' lang='grc'><strong>11111111111111</strong></span> <span class='ocrx_word' id='word_1_182' title='bbox 673 2717 706 2772; x_wconf 89' lang='lat' dir='ltr'><strong>et</strong></span> <span class='ocrx_word' id='word_1_183' title='bbox 726 2707 860 2776; x_wconf 88' lang='lat' dir='ltr'><strong>uberius</strong></span> <span class='ocrx_word' id='word_1_184' title='bbox 880 2718 1066 2798; x_wconf 84' lang='lat' dir='ltr'><strong>pertractat,</strong></span> <span class='ocrx_word' id='word_1_185' title='bbox 1090 2729 1123 2781; x_wconf 94' lang='lat' dir='ltr'><strong>et</strong></span> <span class='ocrx_word' id='word_1_186' title='bbox 1224 2708 1228 2717; x_wconf 70' lang='grc'>’</span> 
     </span>
     <span class='ocr_line' id='line_1_24' title="bbox 64 2806 1235 2902; baseline 0.001 -20"><span class='ocrx_word' id='word_1_187' title='bbox 64 2819 154 2884; x_wconf 86' lang='lat' dir='ltr'><strong>sicuti</strong></span> <span class='ocrx_word' id='word_1_188' title='bbox 165 2837 240 2902; x_wconf 82' lang='lat' dir='ltr'><strong>cap·</strong></span> <span class='ocrx_word' id='word_1_189' title='bbox 253 2819 286 2880; x_wconf 88' lang='grc'><strong>3.</strong></span> <span class='ocrx_word' id='word_1_190' title='bbox 301 2811 486 2877; x_wconf 89' lang='lat' dir='ltr'><strong>ostenderat</strong></span> <span class='ocrx_word' id='word_1_191' title='bbox 502 2806 666 2873; x_wconf 88' lang='lat' dir='ltr'><strong>Christum</strong></span> <span class='ocrx_word' id='word_1_192' title='bbox 685 2824 760 2874; x_wconf 83' lang='lat' dir='ltr'><strong>esse</strong></span> <span class='ocrx_word' id='word_1_193' title='bbox 773 2807 870 2875; x_wconf 88' lang='lat' dir='ltr'><strong>Mose</strong></span> <span class='ocrx_word' id='word_1_194' title='bbox 891 2813 1047 2900; x_wconf 76' lang='lat' dir='ltr'><strong>dignitate</strong></span> <span class='ocrx_word' id='word_1_195' title='bbox 1067 2840 1123 2883; x_wconf 89' lang='lat' dir='ltr'><strong>sn·</strong></span> <span class='ocrx_word' id='word_1_196' title='bbox 1200 2835 1203 2841; x_wconf 80' lang='grc'><strong><em>’</em></strong></span> <span class='ocrx_word' id='word_1_197' title='bbox 1232 2892 1235 2898; x_wconf 38' lang='lat'>,</span> 
     </span>
     <span class='ocr_line' id='line_1_25' title="bbox 64 2908 1123 3006; baseline -0.003 -21"><span class='ocrx_word' id='word_1_198' title='bbox 64 2924 241 3006; x_wconf 87' lang='lat' dir='ltr'><strong>periorem,</strong></span> <span class='ocrx_word' id='word_1_199' title='bbox 261 2917 310 2979; x_wconf 85' lang='lat' dir='ltr'><strong>ite</strong></span> <span class='ocrx_word' id='word_1_200' title='bbox 327 2911 391 2976; x_wconf 96' lang='lat' dir='ltr'><strong>hoc</strong></span> <span class='ocrx_word' id='word_1_201' title='bbox 416 2911 532 2997; x_wconf 81' lang='lat' dir='ltr'><strong>capite·</strong></span> <span class='ocrx_word' id='word_1_202' title='bbox 545 2919 578 2972; x_wconf 92' lang='lat' dir='ltr'><strong>et</strong></span> <span class='ocrx_word' id='word_1_203' title='bbox 599 2929 691 2997; x_wconf 89' lang='lat' dir='ltr'><strong>seqq.</strong></span> <span class='ocrx_word' id='word_1_204' title='bbox 710 2908 927 2994; x_wconf 86' lang='lat' dir='ltr'><strong>demonstrat,</strong></span> <span class='ocrx_word' id='word_1_205' title='bbox 957 2916 1123 2987; x_wconf 84' lang='lat' dir='ltr'><strong>Christum</strong></span> 
     </span>
     <span class='ocr_line' id='line_1_26' title="bbox 66 3008 1123 3107; baseline -0.012 -19"><span class='ocrx_word' id='word_1_206' title='bbox 66 3044 134 3088; x_wconf 89' lang='lat' dir='ltr'><strong>esse</strong></span> <span class='ocrx_word' id='word_1_207' title='bbox 147 3040 264 3086; x_wconf 86' lang='lat' dir='ltr'><strong>verum</strong></span> <span class='ocrx_word' id='word_1_208' title='bbox 277 3011 462 3102; x_wconf 88' lang='lat' dir='ltr'><strong>pontificem</strong></span> <span class='ocrx_word' id='word_1_209' title='bbox 475 3021 509 3076; x_wconf 92' lang='grc'><strong>11</strong></span> <span class='ocrx_word' id='word_1_210' title='bbox 523 3008 622 3096; x_wconf 81' lang='lat' dir='ltr'><strong>longe</strong></span> <span class='ocrx_word' id='word_1_211' title='bbox 641 3024 808 3097; x_wconf 87' lang='lat' dir='ltr'><strong>praestare</strong></span> <span class='ocrx_word' id='word_1_212' title='bbox 821 3013 1024 3084; x_wconf 83' lang='lat' dir='ltr'><strong>&#39;Iudaeorum</strong></span> <span class='ocrx_word' id='word_1_213' title='bbox 1041 3043 1123 3107; x_wconf 72' lang='lat' dir='ltr'><strong>pon.</strong></span> 
     </span>
     <span class='ocr_line' id='line_1_27' title="bbox 65 3110 1182 3209; baseline 0.001 -20"><span class='ocrx_word' id='word_1_214' title='bbox 65 3123 140 3189; x_wconf 86' lang='lat' dir='ltr'><strong>tifici</strong></span> <span class='ocrx_word' id='word_1_215' title='bbox 155 3139 282 3187; x_wconf 88' lang='lat' dir='ltr'><strong>summo</strong></span> <span class='ocrx_word' id='word_1_216' title='bbox 296 3129 330 3181; x_wconf 90' lang='lat' dir='ltr'><strong>et</strong></span> <span class='ocrx_word' id='word_1_217' title='bbox 345 3110 669 3178; x_wconf 88' lang='lat' dir='ltr'><strong>cunctisludaeorum</strong></span> <span class='ocrx_word' id='word_1_218' title='bbox 682 3110 905 3179; x_wconf 83' lang='lat' dir='ltr'><strong>sacerdotibus</strong></span> <span class='ocrx_word' id='word_1_219' title='bbox 923 3137 952 3182; x_wconf 89' lang='lat' dir='ltr'><strong>c.</strong></span> <span class='ocrx_word' id='word_1_220' title='bbox 965 3126 998 3199; x_wconf 90' lang='lat'><strong>4,</strong></span> <span class='ocrx_word' id='word_1_221' title='bbox 1011 3127 1122 3206; x_wconf 87' lang='grc'><strong>14-10,</strong></span> <span class='ocrx_word' id='word_1_222' title='bbox 1175 3196 1182 3209; x_wconf 62' lang='grc'><strong>,</strong></span> 
     </span>
     <span class='ocr_line' id='line_1_28' title="bbox 68 3213 1228 3306; baseline 0.001 -18"><span class='ocrx_word' id='word_1_223' title='bbox 68 3229 113 3289; x_wconf 87' lang='grc'><strong>18.</strong></span> <span class='ocrx_word' id='word_1_224' title='bbox 131 3221 186 3290; x_wconf 88' lang='grc' dir='ltr'><strong>Α1</strong></span> <span class='ocrx_word' id='word_1_225' title='bbox 198 3222 365 3306; x_wconf 87' lang='lat' dir='ltr'><strong>sapienter</strong></span> <span class='ocrx_word' id='word_1_226' title='bbox 384 3214 514 3305; x_wconf 87' lang='lat' dir='ltr'><strong>quidem</strong></span> <span class='ocrx_word' id='word_1_227' title='bbox 536 3213 619 3279; x_wconf 89' lang='lat' dir='ltr'><strong>hanc</strong></span> <span class='ocrx_word' id='word_1_228' title='bbox 638 3214 888 3298; x_wconf 87' lang='lat' dir='ltr'><strong>disputationem</strong></span> <span class='ocrx_word' id='word_1_229' title='bbox 905 3218 1045 3285; x_wconf 87' lang='lat' dir='ltr'><strong>instituit</strong></span> <span class='ocrx_word' id='word_1_230' title='bbox 1066 3245 1125 3290; x_wconf 92' lang='lat' dir='ltr'><strong>no·</strong></span> <span class='ocrx_word' id='word_1_231' title='bbox 1225 3264 1228 3271; x_wconf 91' lang='lat'>·</span> 
     </span>
     <span class='ocr_line' id='line_1_29' title="bbox 68 3315 1126 3395; baseline 0.002 -5"><span class='ocrx_word' id='word_1_232' title='bbox 68 3336 139 3390; x_wconf 86' lang='lat' dir='ltr'><strong>ster.</strong></span> <span class='ocrx_word' id='word_1_233' title='bbox 183 3321 270 3390; x_wconf 89' lang='lat' dir='ltr'><strong>Cum</strong></span> <span class='ocrx_word' id='word_1_234' title='bbox 284 3319 371 3384; x_wconf 91' lang='lat' dir='ltr'><strong>enim</strong></span> <span class='ocrx_word' id='word_1_235' title='bbox 386 3315 563 3382; x_wconf 85' lang='lat' dir='ltr'><strong>verendum</strong></span> <span class='ocrx_word' id='word_1_236' title='bbox 576 3326 674 3395; x_wconf 87' lang='lat' dir='ltr'><strong>esset,</strong></span> <span class='ocrx_word' id='word_1_237' title='bbox 694 3335 736 3378; x_wconf 88' lang='lat' dir='ltr'><strong>ue</strong></span> <span class='ocrx_word' id='word_1_238' title='bbox 751 3315 997 3388; x_wconf 88' lang='lat' dir='ltr'><strong>christianorum</strong></span> <span class='ocrx_word' id='word_1_239' title='bbox 1012 3344 1057 3390; x_wconf 83' lang='lat' dir='ltr'><strong>ex</strong></span> <span class='ocrx_word' id='word_1_240' title='bbox 1070 3327 1126 3392; x_wconf 90' lang='lat' dir='ltr'><strong>In·</strong></span> 
     </span>
     <span class='ocr_line' id='line_1_30' title="bbox 70 3414 1125 3512; baseline 0.004 -21"><span class='ocrx_word' id='word_1_241' title='bbox 70 3425 154 3491; x_wconf 85' lang='lat' dir='ltr'><strong>dacis</strong></span> <span class='ocrx_word' id='word_1_242' title='bbox 173 3422 301 3511; x_wconf 89' lang='lat' dir='ltr'><strong>plures,</strong></span> <span class='ocrx_word' id='word_1_243' title='bbox 325 3431 462 3486; x_wconf 85' lang='lat' dir='ltr'><strong>externo</strong></span> <span class='ocrx_word' id='word_1_244' title='bbox 479 3415 584 3482; x_wconf 86' lang='lat' dir='ltr'><strong>cultus</strong></span> <span class='ocrx_word' id='word_1_245' title='bbox 602 3414 746 3482; x_wconf 89' lang='lat' dir='ltr'><strong>Mosaici</strong></span> <span class='ocrx_word' id='word_1_246' title='bbox 767 3414 941 3502; x_wconf 88' lang='lat' dir='ltr'><strong>splendore</strong></span> <span class='ocrx_word' id='word_1_247' title='bbox 963 3433 1125 3512; x_wconf 89' lang='lat' dir='ltr'><strong>commoti,</strong></span> 
     </span>
     <span class='ocr_line' id='line_1_31' title="bbox 71 3514 1152 3617; baseline 0.002 -26"><span class='ocrx_word' id='word_1_248' title='bbox 71 3526 313 3593; x_wconf 85' lang='lat' dir='ltr'><strong>adludaeornm</strong></span> <span class='ocrx_word' id='word_1_249' title='bbox 334 3543 428 3617; x_wconf 79' lang='lat' dir='ltr'><strong>sacra</strong></span> <span class='ocrx_word' id='word_1_250' title='bbox 449 3529 699 3599; x_wconf 84' lang='lat' dir='ltr'><strong>reverterentur,</strong></span> <span class='ocrx_word' id='word_1_251' title='bbox 722 3529 756 3582; x_wconf 91' lang='lat' dir='ltr'><strong>et</strong></span> <span class='ocrx_word' id='word_1_252' title='bbox 778 3540 851 3586; x_wconf 91' lang='lat' dir='ltr'><strong>cum</strong></span> <span class='ocrx_word' id='word_1_253' title='bbox 868 3522 949 3589; x_wconf 89' lang='lat' dir='ltr'><strong>nihil</strong></span> <span class='ocrx_word' id='word_1_254' title='bbox 971 3541 1058 3592; x_wconf 88' lang='lat' dir='ltr'><strong>esset</strong></span> <span class='ocrx_word' id='word_1_255' title='bbox 1071 3514 1152 3595; x_wconf 76' lang='lat' dir='ltr'><strong>Iu·‘</strong></span> 
     </span>
    </p>
   </div>
   <div class='ocr_carea' id='block_1_5' title="bbox 73 3617 1130 4325">
    <p class='ocr_par' dir='ltr' id='par_1_7' title="bbox 73 3617 1130 4325">
     <span class='ocr_line' id='line_1_32' title="bbox 73 3617 1127 3719; baseline 0.006 -29"><span class='ocrx_word' id='word_1_256' title='bbox 73 3627 156 3693; x_wconf 87' lang='lat' dir='ltr'><strong>daeis</strong></span> <span class='ocrx_word' id='word_1_257' title='bbox 182 3627 220 3690; x_wconf 91' lang='lat' dir='ltr'><strong>iu</strong></span> <span class='ocrx_word' id='word_1_258' title='bbox 240 3622 403 3710; x_wconf 78' lang='lat' dir='ltr'><strong>religione</strong></span> <span class='ocrx_word' id='word_1_259' title='bbox 431 3624 538 3711; x_wconf 85' lang='lat' dir='ltr'><strong>maius</strong></span> <span class='ocrx_word' id='word_1_260' title='bbox 561 3617 793 3686; x_wconf 87' lang='lat' dir='ltr'><strong>sacrificiorum</strong></span> <span class='ocrx_word' id='word_1_261' title='bbox 819 3620 1000 3709; x_wconf 87' lang='lat' dir='ltr'><strong>oblatione,</strong></span> <span class='ocrx_word' id='word_1_262' title='bbox 1029 3642 1127 3719; x_wconf 90' lang='lat' dir='ltr'><strong>atque</strong></span> 
     </span>
     <span class='ocr_line' id='line_1_33' title="bbox 73 3720 1128 3814; baseline 0.005 -21"><span class='ocrx_word' id='word_1_263' title='bbox 73 3725 256 3814; x_wconf 85' lang='lat' dir='ltr'><strong>pontificum</strong></span> <span class='ocrx_word' id='word_1_264' title='bbox 276 3735 416 3812; x_wconf 81' lang='lat' dir='ltr'><strong>augusta</strong></span> <span class='ocrx_word' id='word_1_265' title='bbox 435 3725 546 3809; x_wconf 89' lang='lat' dir='ltr'><strong>specie</strong></span> <span class='ocrx_word' id='word_1_266' title='bbox 565 3723 697 3809; x_wconf 89' lang='lat' dir='ltr'><strong>(quanta</strong></span> <span class='ocrx_word' id='word_1_267' title='bbox 711 3720 816 3786; x_wconf 86' lang='lat' dir='ltr'><strong>fuerit&#39;</strong></span> <span class='ocrx_word' id='word_1_268' title='bbox 828 3725 993 3811; x_wconf 89' lang='lat' dir='ltr'><strong>pontificis</strong></span> <span class='ocrx_word' id='word_1_269' title='bbox 1010 3734 1128 3798; x_wconf 90' lang='lat' dir='ltr'><strong>summi</strong></span> 
     </span>
     <span class='ocr_line' id='line_1_34' title="bbox 76 3821 1126 3914; baseline 0.008 -22"><span class='ocrx_word' id='word_1_270' title='bbox 76 3831 243 3894; x_wconf 85' lang='lat' dir='ltr'><strong>auctoritas</strong></span> <span class='ocrx_word' id='word_1_271' title='bbox 259 3839 293 3891; x_wconf 90' lang='lat' dir='ltr'><strong>et</strong></span> <span class='ocrx_word' id='word_1_272' title='bbox 308 3823 485 3911; x_wconf 87' lang='lat' dir='ltr'><strong>amplitudo</strong></span> <span class='ocrx_word' id='word_1_273' title='bbox 498 3824 615 3888; x_wconf 91' lang='lat' dir='ltr'><strong>docent</strong></span> <span class='ocrx_word' id='word_1_274' title='bbox 627 3821 694 3887; x_wconf 91' lang='lat' dir='ltr'><strong>loci</strong></span> <span class='ocrx_word' id='word_1_275' title='bbox 705 3822 852 3890; x_wconf 88' lang='lat' dir='ltr'><strong>Philonis</strong></span> <span class='ocrx_word' id='word_1_276' title='bbox 867 3826 985 3914; x_wconf 82' lang='lat' dir='ltr'><strong>Legat.</strong></span> <span class='ocrx_word' id='word_1_277' title='bbox 998 3833 1039 3897; x_wconf 85' lang='lat' dir='ltr'><strong>a&#39;d</strong></span> <span class='ocrx_word' id='word_1_278' title='bbox 1054 3833 1126 3900; x_wconf 80' lang='lat' dir='ltr'><strong>cai.</strong></span> 
     </span>
     <span class='ocr_line' id='line_1_35' title="bbox 78 3922 1127 4019; baseline 0.003 -21"><span class='ocrx_word' id='word_1_279' title='bbox 78 3952 106 4016; x_wconf 84' lang='lat' dir='ltr'><strong>p·</strong></span> <span class='ocrx_word' id='word_1_280' title='bbox 119 3937 210 3998; x_wconf 82' lang='lat'><strong>1031.</strong></span> <span class='ocrx_word' id='word_1_281' title='bbox 227 3927 267 3994; x_wconf 84' lang='lat' dir='ltr'><strong>C.</strong></span> <span class='ocrx_word' id='word_1_282' title='bbox 287 3928 327 3997; x_wconf 92' lang='lat' dir='ltr'><strong>de</strong></span> <span class='ocrx_word' id='word_1_283' title='bbox 340 3925 469 4013; x_wconf 81' lang='lat' dir='ltr'><strong>prolog.</strong></span> <span class='ocrx_word' id='word_1_284' title='bbox 482 3949 516 4011; x_wconf 87' lang='lat' dir='ltr'><strong>p.</strong></span> <span class='ocrx_word' id='word_1_285' title='bbox 528 3929 602 3992; x_wconf 87' lang='grc'><strong>466.</strong></span> <span class='ocrx_word' id='word_1_286' title='bbox 620 3923 659 3989; x_wconf 88' lang='grc' dir='ltr'><strong>Β.</strong></span> <span class='ocrx_word' id='word_1_287' title='bbox 673 3922 746 3989; x_wconf 88' lang='lat' dir='ltr'><strong>add.</strong></span> <span class='ocrx_word' id='word_1_288' title='bbox 764 3924 897 4013; x_wconf 87' lang='lat' dir='ltr'><strong>Ioseph.</strong></span> <span class='ocrx_word' id='word_1_289' title='bbox 915 3950 943 3992; x_wconf 93' lang='lat' dir='ltr'><strong>c.</strong></span> <span class='ocrx_word' id='word_1_290' title='bbox 958 3929 1078 4017; x_wconf 85' lang='lat' dir='ltr'><strong>Apion.</strong></span> <span class='ocrx_word' id='word_1_291' title='bbox 1094 3943 1127 4019; x_wconf 92' lang='grc'><strong>2,</strong></span> 
     </span>
     <span class='ocr_line' id='line_1_36' title="bbox 82 4025 1128 4117; baseline 0.009 -23"><span class='ocrx_word' id='word_1_292' title='bbox 82 4032 154 4117; x_wconf 83' lang='grc'><strong>11.);</strong></span> <span class='ocrx_word' id='word_1_293' title='bbox 171 4033 238 4096; x_wconf 90' lang='lat' dir='ltr'><strong>iam</strong></span> <span class='ocrx_word' id='word_1_294' title='bbox 251 4029 420 4115; x_wconf 87' lang='lat' dir='ltr'><strong>scriptoris</strong></span> <span class='ocrx_word' id='word_1_295' title='bbox 431 4030 596 4114; x_wconf 82' lang='lat' dir='ltr'><strong>ingenium</strong></span> <span class='ocrx_word' id='word_1_296' title='bbox 612 4025 716 4096; x_wconf 88' lang='lat' dir='ltr'><strong>solers</strong></span> <span class='ocrx_word' id='word_1_297' title='bbox 734 4039 767 4091; x_wconf 93' lang='lat' dir='ltr'><strong>et</strong></span> <span class='ocrx_word' id='word_1_298' title='bbox 784 4031 938 4096; x_wconf 87' lang='lat' dir='ltr'><strong>versatile</strong></span> <span class='ocrx_word' id='word_1_299' title='bbox 953 4033 988 4097; x_wconf 91' lang='lat' dir='ltr'><strong>in</strong></span> <span class='ocrx_word' id='word_1_300' title='bbox 1002 4055 1042 4100; x_wconf 91' lang='lat' dir='ltr'><strong>eo</strong></span> <span class='ocrx_word' id='word_1_301' title='bbox 1059 4035 1128 4103; x_wconf 81' lang='lat' dir='ltr'><strong>ela-</strong></span> 
     </span>
     <span class='ocr_line' id='line_1_37' title="bbox 84 4124 1129 4217; baseline 0.011 -23"><span class='ocrx_word' id='word_1_302' title='bbox 84 4128 177 4214; x_wconf 86' lang='lat' dir='ltr'><strong>horat,</strong></span> <span class='ocrx_word' id='word_1_303' title='bbox 194 4142 230 4194; x_wconf 91' lang='lat' dir='ltr'><strong>ut</strong></span> <span class='ocrx_word' id='word_1_304' title='bbox 242 4150 354 4194; x_wconf 89' lang='lat' dir='ltr'><strong>omnes</strong></span> <span class='ocrx_word' id='word_1_305' title='bbox 370 4127 597 4194; x_wconf 85' lang='lat' dir='ltr'><strong>similitudines</strong></span> <span class='ocrx_word' id='word_1_306' title='bbox 610 4124 715 4211; x_wconf 86' lang='lat' dir='ltr'><strong>illius,</strong></span> <span class='ocrx_word' id='word_1_307' title='bbox 738 4152 821 4217; x_wconf 89' lang='lat' dir='ltr'><strong>quae</strong></span> <span class='ocrx_word' id='word_1_308' title='bbox 838 4129 968 4198; x_wconf 85' lang='lat' dir='ltr'><strong>Christo</strong></span> <span class='ocrx_word' id='word_1_309' title='bbox 989 4158 1060 4203; x_wconf 89' lang='lat' dir='ltr'><strong>cum</strong></span> <span class='ocrx_word' id='word_1_310' title='bbox 1077 4162 1129 4205; x_wconf 90' lang='lat' dir='ltr'><strong>sa·</strong></span> 
     </span>
     <span class='ocr_line' id='line_1_38' title="bbox 90 4229 1130 4325; baseline 0.008 -27"><span class='ocrx_word' id='word_1_311' title='bbox 90 4231 206 4299; x_wconf 73' lang='lat' dir='ltr'><strong>enas</strong></span> <span class='ocrx_word' id='word_1_312' title='bbox 229 4243 263 4296; x_wconf 90' lang='lat' dir='ltr'><strong>et</strong></span> <span class='ocrx_word' id='word_1_313' title='bbox 282 4229 505 4297; x_wconf 87' lang='lat' dir='ltr'><strong>sacerdotibus</strong></span> <span class='ocrx_word' id='word_1_314' title='bbox 533 4235 663 4298; x_wconf 86' lang='lat' dir='ltr'><strong>summis</strong></span> <span class='ocrx_word' id='word_1_315' title='bbox 686 4231 901 4301; x_wconf 82' lang='lat' dir='ltr'><strong>intercederet</strong></span> <span class='ocrx_word' id='word_1_316' title='bbox 919 4254 1051 4325; x_wconf 78' lang='lat' dir='ltr'><strong>partes,</strong></span> <span class='ocrx_word' id='word_1_317' title='bbox 1075 4240 1130 4308; x_wconf 89' lang='lat' dir='ltr'><strong>vel</strong></span> 
     </span>
    </p>
   </div>
   <div class='ocr_carea' id='block_1_6' title="bbox 0 0 1342 4746">
    <p class='ocr_par' dir='ltr' id='par_1_8' title="bbox 0 0 1342 4746">
     <span class='ocr_line' id='line_1_39' title="bbox 0 0 1342 4746; baseline 0 0"><span class='ocrx_word' id='word_1_318' title='bbox 0 0 1342 4746; x_wconf 95' lang='lat' dir='ltr'><strong> </strong></span> 
     </span>
    </p>
   </div>
  </div>
 </body>
</html>
