2632 4740
122 307 200 382 ato
390 248 918 376 oeconomorum.

62 532 65 537 .
122 469 233 555 βατον
255 462 431 552 signifieat:
459 466 544 552 qued
561 471 684 531 mertare·
695 470 814 552 nequit,
836 463 1030 558 ἰανινίαώιῒε
1044 447 1162 554 Epictet.

122 569 253 636 Enchir.
267 589 295 632 o·
310 571 361 634 51.
377 567 407 641 9.
423 573 453 629 2.
470 561 521 637 ed.
539 563 712 649 Scdroeigd.
728 565 831 649 νόμος
843 563 1079 651 ἀπαράβατος.
1103 567 1160 632 Plu·
1192 558 1196 565 ⁸

123 670 226 735 tareh.
245 668 285 732 de
310 687 395 730 orac.
417 665 482 729 def.
506 686 539 750 p·
558 673 633 734 410.
676 664 763 733 Solis
782 665 927 732 ordinem
949 665 1160 731 immutabilem

123 768 219 850 τάξιν
233 764 459 853 ἀπαράβατον
471 765 557 828 dicit.
598 766 647 834 Id.
663 765 702 832 de
716 766 799 832 Fatb
815 774 844 831 1.
867 765 969 853 λόγος
981 767 1078 841 θεῖος
1091 765 1161 831 ἀπει-

122 871 278 962 ράβατσς.
312 863 587 951 Theophylactus:
610 865 849 954 ἀπαράβατον,
862 865 1160 950 coadunantem-
1196 884 1198 889 '

122 976 235 1062 δοχον.
278 968 509 1035 oecumenius:
531 964 727 1054 ἀδιάδοχον,
747 966 952 1034 ἀτέλευτον.-

205 1079 259 1140 25.
288 1070 379 1137 Uade
393 1075 499 1150 αιίινι,
522 1070 671 1155 quoniam
691 1070 1012 1156 aeternuspontilex
1031 1082 1084 1136 est
1100 1090 1160 1136 ιαι·

116 1197 183 1266 per
207 1175 335 1256 afferre
351 1181 463 1259 petest
484 1173 636 1250 sulutem,
667 1169 800 1255 plenam
822 1184 1028 1258 peccaterum
1053 1175 1160 1234 venian

123 1274 294 1342 conciliare
309 1283 341 1336 et
355 1271 469 1337 beatos
483 1270 620 1335 reddere
633 1271 698 1356 (10,
713 1279 742 1336 1.
758 1273 823 1359 14.)
840 1280 896 1361 ραι·
906 1293 973 1362 per
994 1281 1093 1361 ι’ριιιιιι
1106 1284 1159 1334 tan·

123 1397 220 1464 quarn
246 1394 404 1438 summum
427 1370 613 1457 pontificem
639 1368 745 1434 Deum
770 1375 900 1440 adeunt.
942 1373 997 1438 Ex
1025 1372 1159 1437 sententia

126 1477 313 1562 Carpzeoe'r',
337 1473 553 1550 Heinricbu'i,
578 1470 722 1551 Storn'e‘,
739 1471 923 1554 Dinderfir‘,
945 1475 1033 1563 quod
1049 1473 1159 1539 verbum

25 1581 33 1588 '
121 1573 240 1656 σώζειν
254 1577 376 1657 attinet,
398 1576 507 1660 imago
522 1574 670 1638 desumta
685 1585 736 1637 est
749 1594 770 1636 a
781 1575 911 1659 iudicio,
934 1575 987 1640 cul
1003 1571 1094 1637 Deus
1108 1585 1159 1635 tan-

122 1699 220 1764 quam
235 1675 336 1740 iudex
348 1696 502 1761 praeesse
518 1674 651 1739 dicatur.
695 1671 881 1738 Observant
903 1672 1107 1761 ε’ντνγχνίνεα
1118 1673 1158 1736 ad·

2 1844 11 1863 ,Ι
121 1777 230 1844 hiberi
251 1777 291 1840 de
313 1798 363 1855 eo,
384 1777 440 1863 qui
461 1796 497 1838 se
522 1773 656 1839 alterius
677 1789 795 1840 caussa
814 1777 1009 1860 interponat,
1032 1797 1101 1841 eurn
1118 1773 1157 1835 de·

121 1878 249 1958 lendat,
282 1887 314 1940 et
333 1873 455 1960 ἔγγυον
474 1897 499 1940 s.
517 1869 658 1960 μεσίτην
687 1897 761 1941 eum
785 1875 849 1940 dici
872 1877 927 1963 qui
948 1897 1050 1962 opera
1067 1897 1119 1940 sua
1136 1881 1158 1936 et

121 1981 306 2044 vadimonio
319 1969 446 2058 efficiat,
467 1989 503 2039 ut
519 1976 603 2041 alter
616 1975 814 2060 absolvatur,
838 1992 871 2043 et
882 1979 917 2041 in
930 1976 1052 2043 iudicio
1068 1993 1166 2040 rocem.

122 2077 275 2159 σώζουσα
294 2090 349 2141 aut
371 2079 456 2143 nude
472 2079 623 2163 positam,
646 2090 701 2142 aut
725 2100 797 2142 oum
810 2078 936 2142 adiecto
952 2079 1072 2168 ψῆφος
1081 2074 1157 2159 signi·

96 2247 99 2251 ,
121 2180 222 2246 ficare
235 2187 424 2244 sententiam
438 2177 677 2258 absolutorium,
699 2177 869 2244 aPhilone
886 2177 945 2244 lib.
968 2177 1008 2242 de
1028 2179 1127 2241 iudice
1135 2197 1157 2260 p.

122 2285 196 2365 719.
211 2277 377 2365 σωτηρίαν
389 2281 517 2359 dictam,
541 2281 592 2343 eui
608 2288 787 2365 opponatur
797 2279 937 2364 μέλαινα
950 2299 978 2342 s.
992 2273 1157 2365 καθαιροῦ-

35 2404 38 2409 ·
121 2403 176 2447 σα.
218 2379 293 2446 Νοο
304 2402 437 2466 possum
452 2402 493 2447 eo
516 2381 632 2445 adduci
654 2391 690 2442 ut
711 2381 879 2446 assentiar·
922 2379 1102 2444 Verissime
1118 2375 1157 2440 ob·

16 2504 18 2509 ’
48 2476 50 2480 ’
121 2480 267 2551 servavit
278 2481 318 2543 ad
330 2481 362 2544 b.
375 2479 398 2543 l.
412 2480 569 2562 Balara,
592 2480 727 2547 verbum
740 2479 872 2563 σώζειν,
891 2464 968 2546 cuni
981 2482 1023 2572 τῇ
1034 2474 1157 2563 σωτηρίη

122 2585 228 2668 (ouius
242 2592 352 2645 auctor
365 2583 408 2644 sit
421 2580 585 2667 Christus)
603 2585 734 2668 saepius
752 2605 771 2645 a
783 2594 893 2644 nostro
906 2581 1091 2666 praedicata
1101 2601 1156 2644 cen·

120 2683 299 2762 ferendum,
322 2681 499 2745 solenniter
512 2693 543 2746 et
559 2703 651 2746 sacro
667 2681 760 2746 verbi
774 2704 872 2746 sensu
888 2682 927 2746 de
939 2683 1096 2766 pontifice
1106 2679 1155 2756 illo,

77 2825 81 2837 ·
121 2790 177 2874 qui
197 2796 299 2850 morte
320 2803 378 2845 seu
401 2781 559 2847 sacrificio
584 2782 720 2869 quodam
743 2784 926 2868 expiatorio
947 2784 1156 2851 interveniente

120 2886 233 2952 salvos
252 2884 430 2968 beatosque
453 2883 531 2959 τοώς
550 2883 688 2958 πιστούς
708 2885 903 2972 praestiterit
920 2881 952 2946 et
971 2884 1155 2969 adhucprae·

120 2999 196 3069 stet,
219 2987 337 3050 dictum
356 3005 441 3047 esse.
462 2984 529 3048 vid.
544 2990 574 3064 2,
595 2990 645 3049 17.
668 2997 702 3050 et
723 3006 804 3074 quae
824 3005 923 3070 supra
938 2984 978 3047 de
1003 2985 1102 3050 verbo
1119 2978 1157 3065 ἓν·

1 3082 3 3087 ’
121 3112 201 3176 γενος
223 3087 314 3150 adv.
333 3092 386 3150 22.
409 3084 654 3170 disputavimus,
696 3085 734 3151 In
763 3085 959 3171 explicanda
979 3086 1112 3152 formula
1125 3078 1156 3154 dr

122 3189 163 3256 τώ
179 3172 342 3260 παντελὲς
358 3189 393 3248 in
408 3207 447 3248 eo
467 3185 664 3267 dissentiunt
682 3188 885 3274 interpretes
907 3181 1014 3254 utrum
1035 3211 1074 3252 ea
1093 3185 1154 3251 rele-

120 3290 223 3357 renda
237 3290 280 3352 sit
292 3288 334 3351 ad
347 3285 481 3350 verbum
492 3283 609 3381 σώζειν
625 3308 666 3351 an
682 3289 723 3351 ad
737 3288 889 3353 δύναται.
908 3303 910 3308 ’
932 3288 1065 3353 Scilicet
1078 3284 1118 3361 είς
1128 3276 1153 3346 τί

120 3390 284 3464 παντελὲς
303 3398 393 3452 notat
406 3409 555 3474 proruta,
570 3389 743 3472 perfecte,
765 3397 887 3454 omnine
908 3400 944 3451 ut
962 3389 1045 3453 Luc.
1061 3390 1151 3468 13,11.

120 3491 179 3555 ubi
189 3511 222 3555 v.
236 3490 390 3575 Kppbe'ue.
411 3486 564 3553 Aeschin.
577 3487 665 3553 Dial.
680 3496 710 3571 3,
724 3500 757 3555 4.
777 3483 827 3565 εἰς
840 3491 991 3568 παντελῆ
1003 3481 1151 3575 preceded·
1196 3498 1198 3536 l

121 3594 194 3659 λειν
221 3585 457 3669 ἀναισθησίαν
485 3592 601 3654 omnem
629 3599 751 3657 omnino
772 3612 895 3656 censum
918 3600 1078 3659 amittere.
1113 3585 1151 3648 Sic
1197 3599 1198 3635 ι

69 3776 73 3788 ¹
122 3689 297 3777 παντελῶς
317 3688 437 3775 legitur
457 3710 508 3772 ap.
531 3688 617 3753 Xen.
637 3690 784 3776 Sympos.
809 3701 841 3770 4,
867 3681 933 3756 60.
947 3690 1051 3779 Ages.
1073 3697 1114 3769 10,
1131 3690 1150 3746 l·
1196 3704 1198 3761 f

121 3790 253 3877 loseph.
274 3790 350 3855 Ant.
366 3800 398 3872 4,
413 3795 444 3853 6.
460 3795 491 3854 5.
520 3797 540 3855 2
556 3789 660 3854 Mace.
674 3795 704 3869 3,
722 3796 773 3853 12.
801 3795 832 3872 7,
850 3799 902 3857 40.
932 3800 984 3875 11,
1000 3802 1031 3858 1.
1060 3801 1104 3872 14,
1114 3790 1149 3851 40

122 3891 285 3978 significat
296 3911 374 3954 vero
389 3888 486 3954 etiam
503 3911 625 3978 semper
637 3890 711 3955 Ael.
726 3889 769 3952 Η.
784 3890 827 3955 V.
845 3899 895 3973 12,
910 3899 963 3957 20.
984 3894 1050 3974 τήν
1072 3893 1103 3958 δὲ
1115 3909 1150 3976 χε·

122 3993 244 4061 λιδόνα
261 3989 323 4056 orire
338 3988 388 4067 εἰς
402 3991 443 4056 τὸ
463 3993 624 4066 παντελὲς
643 3991 833 4077 ἀγρυπνεῖν.
855 3993 928 4057 add.
945 3999 978 4075 7,
992 4003 1022 4059 2.
1039 4007 1153 4059 ut‘nor·

116 4094 226 4169 ’τελώς
245 4092 365 4178 legitur
387 4114 439 4177 ap.
462 4090 624 4154 Plutarch.
646 4089 709 4155 ΡΡ.
724 4090 763 4155 Ε.
784 4098 833 4173 14,
849 4097 880 4158 5.
922 4093 1033 4162 Priori
1055 4088 1155 4182 signill-

124 4197 250 4261 cationc
263 4195 345 4260 hanc
359 4214 471 4260 vocem
487 4193 645 4278 accipiunt
654 4192 689 4274 ii,
709 4194 765 4280 qui
779 4193 902 4260 samad
915 4194 1051 4263 verbum
1064 4193 1158 4275 σώζειν
