2604 4746
384 264 548 343 cruor
572 264 646 340 1x.
679 232 721 343 vi
747 274 804 342 ιι.
832 277 889 345 rs.
1031 368 1037 375 ,
1096 280 1170 351 ιιι
1232 320 1252 327 --

121 426 295 516 ultrum
309 425 542 519 διαιίθισθαι
557 434 721 495 notionem
739 436 964 501 totercedeodt
981 433 1165 520 subiiciunt,

119 544 150 596 et
163 533 180 601 o‘
195 533 405 618 διαθέμενος
424 543 566 596 vertunt:
590 533 759 613 mediator,
778 543 814 594 ιιι
829 536 871 596 sit
886 533 931 599 ld.
948 537 1000 621 qd.
1012 536 1166 623 μεσίτης,

119 655 172 721 quo
183 647 288 700 tamen
302 631 486 721 significatu
499 631 562 695 hoo
575 630 710 696 verbum
726 654 883 720 nusquam
896 633 1025 722 legitur.

188 735 237 802 17.
264 732 417 813 διαθήκη
430 729 504 817 ¹yoip
533 731 588 796 ἐπὶ
617 735 747 818 νεκροῖς
771 730 911 820 βεβαία]
939 745 1163 807 testamentum

107 841 196 918 ento,
216 843 258 902 ιἰἰ
275 837 396 917 demunt
408 840 466 920 qui
481 834 562 898 tltod
573 833 733 911 fecerunt
753 842 899 916 mortuis,
919 839 1019 902 colet.
1061 839 1162 904 Prae-

104 940 219 1022 positio
237 934 293 1000 ἐπὶ
307 935 405 998 etiam
419 933 451 998 h.
464 929 487 996 1.
505 933 719 998 conditionem
731 934 862 1016 indicat,
884 947 919 998 ιιι
931 937 1013 1001 adeo
1036 936 1090 1002 ἐπὶ
1110 963 1162 1006 os·
1246 956 1249 961 ·
1286 1003 1290 1010 ,

105 1041 193 1123 κροῖς
207 1039 265 1100 sit:
288 1037 471 1100 interventu
490 1035 604 1096 mortis
624 1044 813 1098 testatorum
826 1037 892 1100 uid.
909 1036 950 1099 ad
965 1041 996 1116 7,
1011 1043 1060 1101 11.
1083 1045 1114 1123 8,
1128 1044 1161 1106 6.
1227 1046 1233 1051 “

104 1136 170 1215 Qui
184 1133 340 1215 διαθήκη
357 1135 389 1198 1ι.
404 1133 427 1199 l.
445 1135 485 1199 de
505 1133 638 1197 foedere
656 1132 833 1218 explicant,
851 1133 1010 1219 pluralem
1033 1140 1162 1221 νεκροῖς

99 1252 273 1324 propterea
292 1237 435 1320 positum
458 1254 532 1297 esse
555 1235 767 1319 praecipiunt,
786 1247 822 1297 nt
842 1256 907 1300 non
929 1247 1050 1303 tantum
1065 1240 1161 1306 Chri·

103 1352 182 1421 stus,
208 1340 263 1425 qui
278 1339 311 1399 in
326 1335 493 1414 condendo
507 1355 592 1397 novo
608 1334 740 1398 foedere
755 1348 890 1399 mortem
911 1354 1087 1424 perpessus
1107 1364 1160 1406 es-

104 1452 163 1520 set,
185 1437 434 1521 intelligeretur,
456 1433 514 1497 sed
529 1436 625 1497 etiam
639 1435 672 1500 οἱ
687 1431 806 1521 μόσχοι
822 1434 883 1500 καὶ·
897 1436 1016 1522 τράγοι
1033 1441 1068 1503 in
1084 1464 1160 1506 oon-

106 1536 206 1602 dendo
230 1537 362 1601 ludaico
387 1534 559 1599 foedere
549 1556 583 1597 ιιι
607 1534 659 1600 his
685 1538 817 1620 νεκροῖς
840 1540 1068 1626 cogitarentur.
1110 1542 1160 1607 lta

104 1658 227 1727 quoque
243 1637 327 1710 hanc
349 1634 521 1701 formulam
543 1636 823 1719 interpretantur'
813 1641 849 1721 ri,
871 1640 926 1725 qui
945 1657 1059 1704 vocem
1083 1643 1160 1707 δια-

105 1733 196 1818 θήκη
213 1739 253 1801 de
272 1735 416 1817 foedere,
425 1726 517 1822 quod
532 1736 714 1798 testamenti
734 1737 893 1802 rationem
912 1738 1047 1822 habeat,
1074 1747 1159 1808 acci-

105 1841 202 1920 piunt3
224 1850 366 1916 monent,
386 1839 534 1900 victimas
551 1841 644 1923 quasi
660 1839 750 1901 vices
771 1842 935 1904 testatoris
957 1838 1158 1924 explevisse

106 1940 147 2004 At
160 1942 321 2004 enimvero
337 1936 467 2025 νεκρός,
489 1949 525 1999 ut
538 1948 624 2000 recte
646 1938 770 2013 notpvit
784 1936 989 2025 carperetur,
1013 1941 1052 2005 de
1074 1953 1159 2008 occi-

107 2041 289 2129 ecquidem,
305 2050 345 2101 et
367 2037 537 2117 cadavere,
560 2038 617 2101 sed
638 2036 787 2118 Ιιοιιιὶιιὶι,
809 2058 874 2103 non
889 2040 1049 2124 pecudum
1064 2047 1157 2128 poni.

106 2150 160 2204 tur.
206 2137 322 2226 Neque
348 2141 497 2202 victimae
530 2135 601 2202 cum
624 2148 777 2202 testatore
807 2140 986 2223 comparari
1010 2155 1157 2224 possunt.

109 2237 211 2305 Sermo
233 2242 331 2326 igitur
352 2252 403 2304 est
420 2238 453 2303 h.
478 2236 501 2303 l.
528 2237 567 2300 de
588 2236 771 2302 homiuibus
795 2240 947 2320 mortuis,
978 2235 1157 2330 iisdemque

107 2341 315 2420 testatoribus,
338 2352 370 2403 et
384 2342 524 2404 continet
538 2338 590 2402 hic
608 2357 724 2402 versut
749 2339 939 2403 sententiam
959 2343 1156 2427 generalem,

109 2462 163 2527 qua
185 2458 294 2513 tamen
317 2438 437 2504 Christi
462 2460 549 2503 mors
571 2441 704 2526 eiusque
729 2439 780 2500 vis
803 2437 954 2504 salutaris
977 2445 1157 2528 respicitur.
1226 2451 1228 2457 '

108 2539 168 2606 ἐπεὶ
181 2540 313 2627 μήποτε
327 2537 430 2628 ἰσχύει
447 2532 504 2606 ὅτε
520 2538 588 2629 ζῇὸ
602 2536 819 2624 διαθέμενος]
836 2543 987 2626 mquidem
1001 2564 1158 2630 uunquam

108 2646 194 2723 colet,
214 2646 361 2728 priamum
377 2651 519 2706 testator
531 2647 628 2705 otoo:
649 2637 778 2724 μήποτε
792 2637 892 2724 Vulgi
905 2640 1072 2723 Ειοιιηιιι,
1093 2644 1158 2708 Be-

109 2758 153 2823 tu,
172 2744 435 2808 Bo'ltmoiorminns
459 2754 547 2806 recte
570 2750 713 2804 vertunt:
735 2740 869 2804 noudum
892 2740 966 2826 (hoc
987 2756 1076 2807 esset
1093 2743 1158 2830 μή.
1216 2801 1218 2805 .

112 2846 175 2930 tto),
200 2844 258 2908 sed
272 2844 365 2907 reddi
385 2842 481 2906 debet
494 2859 652 2935 ααιιηιισσι
666 2861 698 2904 v.
712 2836 800 2903 Xen.
813 2836 914 2906 Mem.
930 2848 960 2924 1,
972 2853 1003 2909 4.
1020 2850 1051 2908 6.
1065 2847 1158 2933 Κηρ-

109 2942 168 3009 lr'ur
187 2945 228 3008 ad
247 2944 280 3007 h.
303 2940 327 3007 l.
349 2956 381 3008 et
405 2944 534 3008 Woere'
551 2942 748 3006 Grommotelr
769 2939 808 3006 Β.
825 2948 856 3005 2.
872 2964 905 3026 Ρ.
919 2942 991 3008 154.
1013 2944 1159 3012 Limbor·

109 3042 195 3126 σήιιιι,
218 3030 302 3110 noo.
327 3048 366 3110 de
387 3043 492 3125 Dion,
517 3044 729 3129 Oorpzoor'ur,
755 3039 829 3104 cto
852 3041 947 3108 δοιά.
967 3035 1154 3129 solaturos,

109 3157 275 3224 praeeunte
292 3139 546 3229 Theophylacto‚
573 3145 642 3204 sine
655 3141 773 3204 idonea
787 3141 923 3222 ratione,
945 3157 1021 3228 post
1039 3137 1176 3212 διαθὲέ

108 3264 210 3326 μιιος,
231 3247 358 3332 signum
378 3244 638 3328 interrogationis
661 3251 801 3327 ponunt,
824 3252 856 3304 et
877 3241 979 3307 verba
1003 3247 1157 3313 reddunt:

108 3361 171 3411 oum
192 3369 264 3413 oum
287 3367 424 3436 coquom
442 3344 576 3423 firmum
601 3363 670 3408 erre
686 3349 816 3428 potest,
845 3346 994 3427 quamdiu
1018 3355 1158 3417 testator

106 3453 199 3516 moi?
380 3442 385 3449 ⁶
698 3531 701 3536 Δ
997 3492 999 3497 .

181 3555 231 3613 18.
252 3537 349 3610 Redit
372 3547 520 3631 scriptor·
533 3537 575 3608 ad
600 3538 883 3628 significationem,
912 3559 1008 3634 qnam
1037 3552 1158 3641 nomini

111 3641 254 3728 διαθήκη
271 3671 303 3723 ιζ.
320 3648 370 3710 15.
393 3645 575 3710 subiecerat
597 3643 692 3728 (sicut
715 3646 811 3708 etiam
831 3668 859 3711 c.
880 3653 911 3712 3.
927 3661 959 3712 et
974 3657 1004 3712 4.
1025 3651 1059 3712 in
1077 3673 1157 3716 voce

111 3745 304 3821 κατάπαυσις
318 3744 359 3809 ab
370 3768 434 3809 una
448 3744 682 3830 significatione
697 3742 738 3806 ad
749 3743 883 3810 alteram
897 3748 1006 3812 subito
1018 3753 1156 3839 transit),

115 3846 173 3926 οιή
194 3844 303 3933 aptita
327 3846 386 3911 scl.
406 3844 574 3926 διαθήκη,
595 3842 728 3927 respicit
750 3843 814 3922 τήν
828 3848 949 3925 καινήν
966 3847 1158 3933 διαθήκην,

117 3959 217 4011 novum
230 3946 344 4010 foedus
359 3967 392 4009 v.
409 3951 458 4011 15.
477 3957 699 4024 memoratum,
722 3958 826 4009 morte
849 3943 977 4012 Christi
991 3945 1158 4015 confirme-

119 4049 180 4109 tum.
219 4046 435 4114 Cohaerentia
459 4045 539 4109 haec
562 4058 624 4111 est·
654 4042 802 4108 Christus
828 4024 906 4123 noui
927 4047 1069 4112 foederis
1090 4061 1158 4113 me·

120 4137 214 4231 linior,
235 4160 269 4212 ut
289 4145 370 4212 illud
385 4148 534 4229 sanciret,
556 4147 639 4209 mori
659 4143 797 4210 debebat
812 4116 907 4231 (1ιῶ
919 4150 1112 4221 senteutiam
1125 4171 1165 4215 v

676 4270 679 4275 ·
832 4246 867 4312 X
890 4254 917 4314 2
