2604 4746
371 107 537 187 Caene
562 102 638 183 x1.
671 129 709 186 v.
735 113 797 184 37.
991 125 993 130 ¹
1045 117 1117 185 441
1162 146 1165 151 ·

59 280 217 348 Marciam
241 292 270 344 α’.
293 283 349 347 20.
368 289 402 342 et
418 249 609 361 scriptorem
637 284 783 338 nostrum
812 263 914 337 rerho
938 246 1133 360 πείρεσθαί

58 382 193 449 verbum
214 378 416 445 Hebraicurn
441 386 529 464 'ist-'pfl
551 375 745 440 reddidisse.
787 372 980 457 Hesych‘et
993 374 1123 441 Pharo·

58 478 263 567 εἰο.“ἐπάρη,
284 477 463 559 ἐκεντηθη.
497 473 654 563 Ἕπειρεν
668 473 912 554 -Ᾰέκὲντησενι
950 477 1122 556 Wakefiel-

61 585 134 650 dt'or·
145 583 181 646 in
198 580 291 645 Silva
305 579 386 645 Crit.
402 587 435 660 2,
449 580 502 642 62.
518 579 603 642 coni.
625 569 861 665 ἐπειράθησαν
870 580 961 664 palie
977 578 1126 655 οοηίοεει·
1250 642 1252 647 .

61 694 142 749 sunt.
184 680 270 746 Mihi
284 680 414 768 quidem
429 673 691 762 ἐπειράσθησαν
705 678 800 743 verbi
814 679 920 743 minus
942 681 1010 742 noti
1033 677 1123 764 ἐπρί-

64 785 199 866 σθησαν
214 786 536 865 interpretamentum
549 800 624 844 esse
641 779 782 861 videtur,
806 782 858 844 cui
869 779 1010 844 fortasse
1028 801 1122 859 occa,-

66 887 183 952 sionem
197 884 286 949 dedit
296 879 437 946 formula
450 881 572 966 πεῖραν
585 877 712 964 ἔλαβον
723 902 805 967 qnae
813 884 1006 968 praecessit,
1016 903 1123 971 neque

69 989 183 1063 omisso
197 982 299 1049 verho
312 992 387 1067 post
402 978 621 1067 ἐπρίσθησαν
641 1003 756 1046 manea
776 980 814 1045 fit
834 983 949 1046 oratio.
972 977 1010 1049 ἐν
1026 983 1123 1075 φόνῳ

69 1083 225 1174 μαχαίρας
237 1074 435 1169 ἀπέθανον]
448 1085 557 1164 gladio
572 1083 748 1162 interfecte·
760 1092 844 1148 earet.
886 1080 972 1149 Narn
987 1082 1124 1151 α’πέθα-

72 1210 122 1254 νον
151 1189 238 1253 idem
267 1184 357 1249 valet
389 1184 477 1270 qnod
504 1179 730 1275 άνηρὲθησαν
756 1182 812 1248 vel
840 1180 1123 1265 ἀπεκτάνθησαν.

74 1286 210 1353 Laudant
220 1285 336 1351 Uriam
353 1276 546 1371 prophetam
563 1306 595 1349 v.
609 1284 674 1350 ler.
695 1287 748 1365 26,
767 1290 809 1349 20
826 1305 875 1370 sq.
916 1283 986 1349 Alii
1001 1289 1124 1372 respici

11 1410 20 1481 .
77 1399 207 1454 statuunt
220 1384 365 1453 seculum
379 1384 534 1450 Antiochi
548 1372 740 1470 Epiphanio,
750 1384 904 1467 Syrorum
920 1389 1019 1473 regis.
1041 1389 1124 1454 For-

76 1488 149 1554 nnle
172 1489 207 1555 ἐν
229 1485 325 1579 φόνῳ
346 1483 519 1572 μαχαίρας
544 1484 764 1550 Alexandrini
794 1488 991 1573 interpretes
1019 1488 1124 1558 Hehr.

78 1582 205 1659 5111155
234 1589 299 1654 Ex.
322 1593 373 1669 17,
394 1593 446 1654 13.
477 1598 721 1684 expressepunt.
742 1588 935 1673 περιῆλθον
956 1589 992 1655 ἐν
1009 1594 1125 1677 μηλω.

11 1714 42 1777 ,-
78 1692 152 1773 scic,
171 1690 208 1757 ἐν
218 1682 360 1775 αἰγείοις
376 1686 553 1774 δέρμασιν]
564 1686 705 1775 pellibus
725 1692 839 1783 saillis,
860 1699 1003 1777 caprinis
1021 1687 1130 1761 ἐάσατε·
1238 1731 1240 1735 ·

11 1788 17 1863 ζ
80 1797 319 1859 circumiverunt.
358 1788 411 1854 De
435 1789 498 1853 hoc
512 1810 574 1853 usu
596 1791 850 1884 praepositionis
875 1790 920 1873 ἐν,
943 1794 1127 1861 nominihus

15 1924 20 1931 ·
79 1894 204 1957 vestium
228 1894 357 1956 iunctae
377 1911 410 1957 v.
430 1890 607 1958 nicetes-os
628 1891 670 1955 ad
690 1892 824 1957 Weller.
845 1890 923 1958 Vol.
939 1900 970 1959 3.
992 1894 1030 1959 Ρ.
1044 1904 1075 1962 2.
1089 1920 1125 1983 p.
1191 1979 1195 1986 Ι

11 2054 14 2059 .
80 1997 139 2074 137.
159 1993 325 2061 Matthiae
349 1994 489 2059 Gratum.
504 1995 533 2070 ξ.
547 1995 620 2058 577.
650 1992 705 2058 ΤΙι.
728 1998 759 2056 2.
778 2014 812 2076 p.
834 2000 928 2059 1140.
949 2007 981 2058 et
1001 2017 1061 2060 nos
1083 1999 1127 2063 ad

10 2106 14 2115 '
78 2089 226 2176 lletth.7‚
245 2101 295 2160 15.
317 2093 648 2180 vulgatomeloto.
690 2090 816 2160 Vocem
833 2095 973 2177 μηλατὴ
995 2097 1127 2163 civitate

71 2192 183 2263 hotias
198 2195 370 2283 aliquando
388 2216 461 2260 esse
475 2193 637 2272 donatam,
659 2205 749 2279 patet
764 2215 809 2258 ex
828 2194 989 2262 Cassiano
1004 2198 1045 2263 de
1066 2198 1125 2264 ha·

78 2295 136 2364 hita
154 2297 305 2365 monachi
321 2318 349 2361 e.
365 2302 416 2361 11.
437 2307 470 2362 et
483 2300 676 2380 parcissimi
692 2299 810 2362 cncede·
831 2297 1048 2368 celancn'vcl
1062 2302 1127 2367 νιο-

76 2401 143 2466 lotis
162 2405 305 2481 gestatio
327 2398 465 2463 dorium
480 2402 612 2484 potius,
634 2416 726 2482 quom
749 2395 1010 2474 aedificationem
1029 2405 1146 2489 ullam·

75 2500 244 2569 anomoei
269 2497 478 2583 comparabit.
506 2496 624 2562 Isidor.
649 2497 743 2582 Orig.
766 2504 817 2564 19.
840 2521 868 2564 ο.
888 2506 942 2566 24.
973 2503 1127 2584 Melcter,

74 2623 147 2689 puae
163 2608 358 2687 attempero
376 2608 524 2679 coeatur,
542 2601 637 2684 pellic
659 2611 711 2664 ert
732 2605 880 2685 caprino,
901 2625 923 2667 α
945 2606 1025 2669 collo
1045 2627 1127 2691 peu-
1185 2622 1188 2630 ’
1254 2595 1256 2599 ’

73 2707 145 2771 dens
156 2708 350 2795 praecincta
372 2721 469 2785 caque
492 2701 538 2765 ad
557 2697 684 2765 tutatos.
704 2720 734 2762 v.
757 2700 956 2769 Horaeurin
971 2701 1127 2771 Biblioth.

73 2804 177 2870 Brem.
195 2802 247 2867 cl.
262 2812 296 2869 4.
319 2824 351 2886 p.
369 2807 442 2867 354.
464 2798 601 2884 panion)
618 2802 736 2885 pellem
753 2809 929 2886 capusum,
951 2816 983 2868 et
1003 2809 1130 2873 ovillam

72 2908 190 2972 indicet
203 2903 403 2987 Hesychius:
425 2902 517 2987 μῆλα
531 2902 645 2976 κοινῶς
656 2906 717 2985 μὲν
730 2902 844 2967 πάντα
860 2901 903 2966 τά
918 2904 1127 2992 τετράποδα·
1198 2919 1204 2931 ·

71 3003 156 3074 ὅθεν
170 3005 229 3072 καί
243 3005 338 3070 πάσα
351 3002 475 3088 βύρσα,
489 2997 509 3068 ‘o'
521 3001 593 3068 ἐστι
603 3001 674 3068 πᾶν
686 3001 807 3087 δέρμα,
820 3004 961 3087 pctore}
977 3006 1129 3090 λέγεται·
1190 3056 1202 3088 ·,

72 3105 148 3176 κατ’
163 3105 427 3194 ἐπικράτειανδὲ
441 3100 485 3170 τά
503 3099 664 3188 πρόβατα
680 3104 738 3167 καὶ
753 3091 855 3185 alpes.
866 3126 899 3168 v.
918 3101 1129 3193 spanhemius
1164 3160 1168 3173 .
1227 3110 1232 3129 '

71 3212 111 3276 ad
129 3208 261 3277 callim.
275 3198 309 3270 h.'
321 3205 357 3269 in
370 3202 482 3289 Apoll.
495 3226 526 3268 v.
543 3210 596 3271 51.
618 3202 677 3269 ubi
689 3203 863 3269 Scholiast.
878 3208 936 3271 καὶ
947 3207 1015 3294 γάρ
1029 3199 1131 3295 αἶγας
1168 3235 1170 3238 ·

33 3364 41 3375 .
68 3312 162 3395 μῆλα
185 3292 328 3393 lihtowa.
356 3304 481 3371 Pollux
503 3303 676 3370 Onomast.
701 3310 752 3371 10.
775 3326 803 3372 ο.
821 3313 876 3374 45.
908 3306 1015 3388 εἴποις
1033 3311 1063 3377 d'
1086 3306 1132 3380 άν

68 3413 127 3479 καὶ
140 3407 299 3497 petatio
312 3404 374 3488 τήν
385 3405 446 3472 τοῦ
455 3401 634 3493 προβάτου
646 3402 759 3494 ὃοράν.
804 3405 1001 3493 Φιλήμονος
1017 3409 1133 3482 είπόν·

67 3537 129 3590 τος
143 3511 178 3578 ἐν
190 3505 347 3599 Εὐρίπῳ·
369 3507 514 3596 Στράηια
527 3506 690 3591 μηλωτήν
706 3506 734 3573 τ’
748 3503 825 3594 ἔχει.
867 3509 970 3595 Male,
993 3502 1067 3580 rneo
1081 3517 1133 3581 in-

67 3616 167 3694 dicio,
190 3609 452 3676 Hemrtcrltusior
469 3607 510 3672 ad
526 3604 650 3674 Pollae.
670 3607 693 3673 l.
713 3607 737 3673 l.
757 3610 922 3679 Kitrtcrus
938 3618 974 3679 in
993 3617 1131 3702 praelat.

69 3715 113 3780 ad
127 3715 235 3782 Miltia·
251 3709 295 3775 N.
320 3710 362 3777 Τ.
388 3711 615 3778 Valckenarius
637 3712 672 3775 in
696 3710 824 3777 Scholia
845 3714 888 3778 ad
908 3713 981 3781 Act.
1002 3715 1080 3783 Vol.
1102 3727 1133 3785 1.

66 3838 102 3902 p.
117 3818 192 3880 367.
221 3811 505 3894 Wassentergtso
527 3814 561 3876 in
583 3810 675 3876 Diss.
700 3813 741 3877 de
769 3812 898 3880 Glossis
913 3814 956 3881 N.
979 3817 1020 3882 Τ.
1036 3841 1133 3906 prae·

67 3917 171 3981 rnissa
182 3910 312 3979 Scholis
335 3915 588 3980 Valckenorei'in
601 3911 644 3977 N.
664 3911 706 3978 Τ.
721 3912 798 3981 Vol.
816 3923 844 3981 1.
861 3938 894 4002 p.
911 3922 963 3984 80.
984 3922 1133 3986 conieee.
1221 3914 1226 3923 '

35 4040 39 4050 ·
68 4027 146 4084 runt
167 4013 269 4081 verbe
285 4018 321 4083 ἐν
342 4009 482 4102 αἰγείοις
502 4012 665 4104 δέρμασιν
686 4035 732 4083 ex
753 4013 864 4085 ordine
887 4038 962 4086 esse
985 4019 1136 4110 delenda,
