2632 4740
15 270 20 281 ·
103 242 185 335 ’56
268 241 272 252 “
477 235 858 373 cnrorriffvcss
932 201 936 231 Ι

35 404 40 410 ’
73 459 77 471 ·
139 417 173 493 lo
191 428 287 507 pacto
307 431 476 503 possunt,
485 418 545 483 sed
568 418 611 495 ad
632 416 796 507 Christum
818 413 992 483 referenda
1016 423 1108 495 sunt,
1133 410 1217 495 cui,

139 533 312 607 postquam
325 518 421 583 bomo
435 509 552 602 iactus,
563 531 702 582 mortem
711 536 887 602 perpessus
905 529 965 594 est,
987 512 1086 578 Deus
1094 516 1206 581 omnia
1220 576 1222 580 ,

141 620 290 700 subiecit,
313 640 391 713 ergo
410 622 507 684 etiam
520 616 656 703 angelos
671 628 704 682 et
718 613 915 701 οἰνιιυμὲνην
927 635 990 693 την
1002 613 1214 700 μέλλουσαν.

73 716 82 741 “·
142 717 314 795 Caeterum
328 716 492 784 Psalmum
512 731 660 784 octavum
681 738 746 781 non
768 736 866 800 agere
888 715 928 778 de
943 714 1205 796 Messia,.facile

144 825 281 908 quisque
301 818 474 901 concedet,
504 821 643 906 quisine
655 815 877 904 praeiudicata
888 818 1045 901 opinione
1065 816 1109 880 ad
1129 838 1207 882 enm
1230 890 1233 897 ,

142 920 316 1005 legendum
333 922 518 1001 accesserit,
533 922 668 1008 eiusque
681 923 813 982 sensum
826 927 859 979 et
873 915 1044 979 consilium
1055 917 1207 981 conside·

119 1072 121 1079 .
143 1021 281 1101 raverit,
312 1021 372 1084 sed
389 1030 504 1104 poeta,
525 1032 620 1084 nocte
640 1018 779 1105 quadam
798 1036 928 1096 serena,
957 1015 1209 1101 contemplando
1232 1095 1235 1101 ¹

144 1116 280 1199 coelo,
269 1141 304 1182 ιιι
314 1113 560 1197 admirationem
575 1119 749 1182 conditoris
763 1115 859 1179 huius
875 1117 1021 1180 universi
1039 1115 1207 1203 abreptus,

145 1216 212 1284 Dei
226 1222 428 1311 maiestatem
444 1218 633 1300 celebrat,
622 1241 658 1282 ιιι
678 1217 774 1281 huius
795 1217 941 1298 uniuersi
960 1215 1087 1281 fabrica
1105 1217 1210 1282 admi·

145 1318 244 1383 rabili
270 1321 494 1404 conspicuam,
527 1320 739 1405 inprimisque
773 1294 972 1402 singularem
994 1315 1209 1402 benignitatis

111 1416 114 1420 ’
144 1420 249 1505 ipsius
263 1441 342 1506 erga
364 1439 467 1502 genus
485 1418 659 1513 humanum
676 1417 938 1504 magnitudinem.
958 1416 1209 1506 διεμαρτύρατο

146 1518 185 1603 de'
198 1541 265 1584 που
279 1542 330 1595 τις
341 1519 460 1605 λέγων]
475 1505 568 1587 cates
583 1504 708 1607 quidum
720 1517 840 1584 alicubi
849 1524 968 1584 cecinit
979 1517 1069 1584 daec.
1112 1517 1210 1583 Hanc

40 1679 43 1685 .
144 1617 382 1684 literas-sacras
392 1618 516 1685 aliosve
532 1622 710 1706 scriptores
724 1616 879 1683 laudandi
887 1617 1058 1683 formulam
1074 1621 1210 1704 saepius
1237 1684 1240 1689 ⁴

147 1719 234 1804 apud
248 1719 417 1784 Phrlonem
428 1724 609 1801 occurrere,
630 1719 740 1783 docnrt
752 1716 844 1783 adh
860 1717 885 1783 l.
902 1718 1108 1804 Uespronius.
1151 1719 1211 1786 Sic

146 1818 222 1913 Lib.
237 1816 333 1906 Sleg.
356 1819 514 1907 Allegmp
530 1827 582 1887 85.
594 1818 637 1885 Α.
649 1842 809 1905 μαριυριι
796 1818 866 1885 ὃὲ
885 1841 1007 1906 πουτῳ
990 1816 1213 1909 λόγῳὸἱε·

81 1952 86 1959 r
147 1942 296 2008 putator
303 1915 464 2006 χρησμός
485 1944 518 2008 p.
531 1931 563 1987 4
580 1921 620 1985 Ε.
635 1943 710 1986 scas
723 1943 790 2007 γαρ
803 1940 853 1994 τις
865 1940 980 2004 nempe
995 1918 1111 1984 Plato
1100 1942 1137 1984 ιιι
1151 1919 1213 1986 Ti·

28 2046 30 2052 ⁴
146 2042 252 2085 maeo.
294 2020 416 2121 Neque
434 2044 479 2086 ex
498 2022 560 2087 hac
581 2020 719 2086 formula
743 2019 853 2105 colligi
879 2032 1004 2105 potest,
1040 2018 1213 2088 Philonem
1247 2077 1250 2085 .

147 2121 317 2206 ignorasse
343 2134 509 2203 auctores,
532 2143 666 2208 quorum
688 2119 791 2185 verba
814 2110 972 2203 laudarit,
989 2133 1044 2186 aut
1064 2134 1214 2187 nostrum

149 2222 357 2320 scriptorem,
378 2220 480 2286 verba
501 2222 543 2286 ab
573 2243 614 2286 eo
634 2219 763 2287 allata'
753 2244 789 2285 ιιι
808 2220 893 2285 libro
912 2219 1115 2288 Psalmorum
1130 2220 1213 2308 legi,
1234 2256 1237 2263 ·

15 2293 18 2303 .
60 2394 63 2403 .
150 2304 335 2385 etDavidis
349 2311 452 2386 verba
467 2343 551 2386 esse.
593 2322 716 2407 Ecquis
733 2321 916 2439 crediderit,
938 2343 1012 2385 eum
1028 2322 1215 2407 ignorasse,

100 2605 105 2613 .
148 2521 254 2620 primo
269 2511 384 2586 Mosis
395 2489 480 2587 libro
500 2523 588 2609 legit
610 2517 708 2588 Sed
698 2538 745 2589 rta
763 2525 834 2596 fere
856 2524 953 2588 etiam
967 2523 1143 2608 scriptores
1157 2521 1214 2595 la
1248 2567 1250 2573 -

150 2608 237 2688 daici
258 2617 415 2686 librorum
434 2643 599 2689 sacrorum
610 2623 702 2689 locos
715 2625 859 2688 indicare
874 2623 1065 2688 solebantv.
1080 2620 1216 2692 Sedit!-

146 2725 260 2801 genc‘us
279 2722 314 2783 in
335 2721 434 2787 Horr.
443 2721 572 2795 Hebrr.
589 2724 674 2799 adh.
688 2725 713 2790 l.
751 2724 880 2792 ¹'Recte
870 2725 972 2809 rgitur
994 2723 1217 2791 Oecumenius
1244 2788 1248 2793 .

12 2797 14 2800 Α
35 2825 37 2829 ’
63 2853 74 2866 ι
96 2906 99 2912 Ι
149 2817 191 2887 ad
205 2816 238 2882 h.
251 2818 275 2884 l.
293 2823 431 2891 notavit:
454 2819 496 2900 ὥς
508 2817 641 2900 εἰδότας
660 2822 729 2901 τὰς,
741 2821 895 2913 γραφάς,
918 2820 1154 2908 ὃιαλέγόμδνθς
1174 2823 1218 2892 οὗ

148 2914 270 2999 τίθησι
283 2921 348 2988 τῶν
360 2923 528 3007 λεγόντων
541 2922 586 2990 ια’
602 2921 765 3009 ὀνόματα.
808 2922 1048 2989 Theodoretus:
1070 2922 1110 2990 ου’
1123 2925 1217 3010 λέγει

148 3017 189 3083 τὸ
202 3015 311 3106 ὄνομα
324 3023 385 3088 τοῦ
398 3020 566 3106 εἰπόντος,
587 3019 648 3090 ἅτε
661 3024 744 3109 πρὸς
755 3022 983 3110 ἐπιστήμονας
996 3024 1061 3091 τῶν
1072 3027 1218 3113 γραφῶν

148 3117 415 3207 διαλεγόμενος..
443 3123 559 3212 Neque
590 3147 636 3190 ex
663 3126 724 3190 hac
749 3124 888 3190 formula
913 3120 1117 3192 coniecerim
1141 3148 1219 3190 cum

80 3218 89 3235 '
147 3215 325 3299 Diodorfio
348 3238 382 3289 et
403 3223 569 3307 Schulsto,
591 3228 782 3310 scriptorem
803 3238 949 3292 nostrum
965 3225 1088 3292 Psalmi
1105 3225 1217 3293 locum

148 3312 335 3386 memoriter
356 3323 520 3390 laudasse.
561 3326 769 3392 Verbotenus
789 3327 875 3392 enim
888 3330 999 3391 versio
1014 3325 1217 3403 Alexandri·

149 3436 194 3483 na
206 3439 278 3484 cum
291 3433 403 3497 nostro
418 3428 587 3492 consentit.
622 3426 761 3492 Prorsus
777 3437 885 3491 autem
902 3427 1103 3513 repudianda
1121 3429 1219 3493 vide·

150 3526 204 3579 tur
218 3515 364 3586 Sedulzic‘
373 3530 544 3608 sententia,
559 3529 614 3614 qni
627 3527 800 3608 contendit,
815 3528 990 3610 scriptores
1001 3526 1217 3595 N-T00mncs

150 3615 244 3686 locos
264 3619 308 3687 V·
329 3620 371 3687 Τ.
388 3629 574 3692 memoriter
597 3626 760 3692 laudasse.
810 3624 959 3691 Verbum
984 3626 1218 3717 διαμαρτύρε-

151 3717 260 3803 σθαι,
288 3733 325 3787 ut
342 3721 538 3793 Adrcscln’us
559 3728 602 3791 ad
620 3727 653 3791 b.
672 3727 696 3800 l.
714 3727 817 3813 probe
835 3730 977 3808 monuit,
1003 3731 1070 3792 vim
1089 3728 1219 3796 obtinet

151 3819 247 3884 verbi
263 3822 434 3908 simplicis,
457 3837 490 3889 et
503 3838 539 3889 nt
551 3829 733 3916 μαρτυρεῖν
746 3827 815 3892 Iob.
832 3836 861 3908 i,
878 3832 909 3893 7.
933 3835 984 3910 15,
999 3832 1050 3892 26.
1065 3827 1108 3892 al.
1124 3843 1219 3895 notat

152 3920 269 3987 docere
288 3943 321 3986 v.
341 3921 467 4006 Aac,
487 3932 540 3992 25.
570 3934 621 4008 10,
642 3935 696 3995 42.
718 3940 750 3993 et
768 3929 804 3992 in
821 3930 974 3995 versione
989 3928 1219 3996 Alexandrina

152 4023 330 4104 respondet
350 4022 453 4090 verbo
474 4027 571 4095 oratu
592 4027 713 4093 isam.
734 4036 788 4111 21,
808 4036 838 4093 2.
859 4030 892 4093 h.
911 4029 936 4095 l.
955 4052 1026 4096 cum
1046 4044 1147 4126 pocta
1166 4031 1217 4096 lo·
1224 4059 1230 4067 ·

154 4137 257 4213 quens
277 4121 462 4209 inducatur,
480 4127 646 4194 commode
665 4130 759 4197 reddi
778 4115 903 4235 potest,
925 4154 1054 4202 cauere.
1077 4128 1112 4199 τί
1124 4132 1218 4203 ἔστιν
