2632 4740
120 320 196 401 ur
429 288 718 394 cerur'xu.
749 339 788 394 v.
817 326 877 394 ιι.

120 487 217 554 moda
228 477 437 572 primogeniti
444 483 607 568 recepisse
616 482 658 548 cf.
667 468 813 564 Genti,
821 474 862 550 33
872 470 949 572 a'qq.
962 466 1034 550 ἴοτε
1042 506 1104 550 nou
1115 509 1174 552 rer·

121 589 256 653 tendum
268 604 339 649 cum
351 582 495 670 vulgato
511 586 688 669 interprete
703 589 829 663 tuente,
844 585 905 649 aed
916 584 1015 649 reddi
1022 587 1119 652 debet
1130 597 1174 655 ια’-

42 672 45 681 ’
120 697 176 769 tie,
195 711 256 775 per
268 685 493 758 indicativum
513 692 646 748 monere
660 682 765 748 voluit
778 700 830 770 ep.
851 697 971 750 auctor
983 674 1137 775 lectoren,¹
1151 700 1175 750 ut

120 812 189 857 rem
199 787 460 853 omnibuauotam
474 783 648 870 diligenter
661 774 983 870 perpenderenteal
993 810 1173 876 quanqum,

120 902 157 955 ut
167 891 310 976 Aponi,
323 892 352 950 1.
373 884 444 950 loli.
453 893 486 968 9,
497 891 548 952 30.
568 885 710 965 Laeta,
720 889 751 949 7.
761 883 803 948 al.
824 886 1012 970 μετέπειτα
1025 902 1103 975 post
1115 910 1173 953 ven·

121 993 220 1056 ditum
237 988 532 1075 primogenituram.
547 982 626 1064 ‘viu
651 981 804 1069 εὐλογίαν
822 1007 888 1050 non
916 991 1074 1076 quamvis
1094 989 1172 1054 bono

122 1112 193 1156 rum
217 1090 494 1175 apprecationem‚
518 1087 576 1151 aed
598 1105 681 1172 quae
702 1086 767 1170 ipai
787 1088 1014 1174 primogenito
1035 1089 1173 1181 destinate

122 1202 202 1257 erat.
223 1187 488 1272 ἀπεδοκιμάσθη
502 1189 661 1274 repulsum
673 1189 749 1253 tum
766 1184 865 1252 Diod.
880 1188 950 1253 Sic.
967 1192 1004 1254 in
1018 1190 1172 1277 Excerptia

121 1292 147 1357 l.
161 1297 193 1368 6.
206 1290 246 1355 de
265 1292 339 1354 virt.
357 1301 390 1353 et
410 1291 466 1352 vit.
490 1310 523 1374 p.
545 1291 618 1352 556.
641 1308 736 1373 quem
758 1285 866 1352 locum
880 1289 1066 1356 Menekine
1082 1291 1171 1370 attulit,

123 1388 323 1475 ἐπεθύμησε
346 1386 588 1472 Πυθαγόρειος
606 1386 785 1470 γενέσθαι·
814 1383 862 1454 όν
888 1392 929 1457 δὲ
952 1381 1108 1477 kalende
1133 1391 1172 1456 tui
1203 1412 1205 1435 ¹

122 1490 236 1578 βίαιος
254 1489 315 1556 τόν
333 1489 471 1575 τρόπον,
493 1486 762 1573 α’πεὸοκιμόοθη
781 1495 815 1554 ia
830 1490 1115 1575 Pythagoreorum
1129 1493 1172 1556 eol·

124 1597 239 1676 legum
260 1591 406 1659 eunoun·
420 1593 600 1676 postumat
622 1585 718 1673 (Cylo
742 1589 950 1674 Crotoniata,
979 1595 1037 1656 vir
1058 1593 1173 1657 civitatis

124 1714 202 1758 auae
215 1691 315 1779 longe
329 1691 505 1776 princepe),
519 1691 780 1776 repedantem,
795 1694 879 1778 quod
890 1703 1024 1759 nature
1038 1697 1171 1760 uiolentae

117 1816 165 1860 πο
178 1791 396 1860 intractabile)
409 1802 504 1857 esset.
531 1793 659 1857 Eaavua
671 1812 737 1856 uon
753 1792 841 1854 omui
854 1793 991 1877 quidem
1006 1797 1172 1879 precatione

124 1893 231 1958 lanata
243 1895 346 1957 caruit
359 1910 390 1954 v.
408 1889 491 1957 Gen.
506 1896 560 1976 27,
574 1897 617 1958 37
633 1913 682 1978 aq.
705 1890 765 1955 aed
785 1890 844 1955 illa
864 1898 979 1958 tumen'
1005 1918 1090 1982 quae
1108 1894 1172 1960 con-

123 1992 256 2081 petebat
269 1993 493 2077 primogenito.
534 1990 651 2057 Noluit
670 1991 803 2056 Iaaacua
815 2003 916 2078 pater
936 1995 974 2057 iu
999 1995 1102 2060 Eaavi
1119 2017 1171 2081 gru

125 2097 215 2174 tiam,
238 2111 278 2157 ea
300 2113 382 2179 quae
403 2090 522 2156 Iacobo
543 2096 737 2178 apprecatua
760 2103 830 2156 erat
851 2105 1051 2179 retractare,
1074 2109 1170 2162 etvote

124 2196 218 2259 irrita
238 2191 420 2274 declarare,
434 2204 546 2280 'atque
571 2204 737 2278 repetere,
767 2213 829 2256 uec
850 2215 932 2258 vero
955 2198 1063 2261 etiam
1081 2198 1168 2284 potuit.

126 2293 335 2378 „Credebant
357 2295 453 2374 euim,
474 2304 510 2357 ut
527 2294 753 2358 animadvertit
772 2296 1043 2362 Roeenmullemt
1059 2299 1099 2361 ad
1111 2295 1167 2360 Gen

19 2446 31 2477 ,Ι
123 2399 180 2475 ut,
194 2400 245 2460 33.
267 2413 421 2476 coaevo,
443 2414 508 2458 non
529 2395 640 2459 irritae
659 2415 733 2459 ease
754 2395 857 2479 patris
874 2397 1167 2484 morientispreee.

124 2494 186 2559 aed
208 2512 265 2556 eas
286 2494 399 2559 iterari
415 2514 482 2559 aon
497 2504 616 2581 potae,
646 2494 739 2582 quasi
762 2493 855 2557 Deus
878 2498 968 2579 patri
998 2490 1166 2583 potestaten

126 2595 270 2673 lecisset,
292 2589 393 2657 semel
404 2586 658 2659 tautum'libaria
671 2597 824 2679 precandi
842 2598 929 2682 quod
944 2598 1065 2681 vellet,
1078 2602 1165 2682 sipu-

127 2715 182 2760 cea
198 2705 285 2758 ratas
310 2713 383 2756 esse
404 2704 548 2779 cuperet,
568 2706 665 2781 atque
687 2698 831 2776 iteratas,
854 2709 911 2760 aut
932 2699 1165 2778 immaturae

128 2797 353 2860 exauditurum
366 2797 553 2878 negaamt.“
572 2791 737 2871 μετάνοια
749 2796 914 2882 significat
939 2806 1074 2867 αοπαίἰνϊ
1090 2809 1163 2864 nete

126 2905 242 2963 tionem
263 2907 298 2957 ut
320 2917 372 2979 ap.
392 2891 480 2959 Xen.
504 2892 581 2979 Cyn.
603 2902 632 2976 1,
648 2903 676 2961 1.
692 2903 723 2963 3.
743 2886 1075 2982 μετανοεῖν’νπαιανο
1091 2903 1161 2965 couti

122 2999 200 3061 'lium
214 2995 312 3058 Diod.
328 2992 392 3058 Sic.
405 3001 455 3075 15,
472 3000 524 3059 47.
546 2995 643 3060 Prov.
660 3004 712 3078 24,
721 2999 777 3064 32.
796 2993 940 3085 ὕστερον
955 3001 1026 3086 ἐγώ
1037 2997 1160 3089 petendu

128 3117 173 3162 σα
195 3101 388 3161 sententiam
408 3102 530 3162 mutavi
552 3108 584 3159 et
605 3095 637 3159 h.
659 3097 682 3161 l.
697 3097 812 3163 deinde
833 3101 931 3164 etiam
944 3109 1158 3189 poemenem.

129 3199 269 3263 dolorem
282 3216 328 3260 ea
335 3193 436 3270 sacto
453 3206 553 3261 antea
560 3208 755 3284 perpetrato
771 3223 801 3264 v.
815 3199 897 3289 Luc.
914 3206 970 3284 17,
988 3210 1020 3268 3.
1034 3214 1066 3269 4.
1090 3201 1158 3269 τόπος

125 3301 226 3377 locus,
248 3316 307 3380 per
322 3295 553 3380 metaphoram,
568 3309 781 3383 potestatem,
796 3300 1026 3386 fucultatem,
1055 3305 1157 3370 οοοαίτ

127 3417 208 3476 παπ,
230 3401 459 3460 concessionem
482 3397 624 3462 declarat
638 3395 753 3464 Liban.
768 3400 823 3486 ep.
837 3407 911 3467 200.
936 3405 983 3492 τῇ
999 3407 1157 3493 μεγαλοψν

123 3490 183 3583 ’χὶᾳ
200 3493 259 3560 τοῦ
280 3494 444 3578 βασιλέως
461 3494 585 3584 εὑρέθη
607 3498 716 3577 τόπος.
744 3510 760 3567 1
779 3500 884 3567 Mace.
902 3510 934 3583 9,
957 3512 1015 3571 45.
1038 3504 1094 3571 οὐκ
1111 3499 1156 3565 ἴον

128 3597 231 3670 τόπος
248 3594 305 3660 τοῦ
319 3593 471 3661 ἐκκλῖναι
491 3620 554 3664 πον
576 3612 626 3666 eet
647 3611 771 3675 occatio
787 3606 964 3669 'evadenda
994 3605 1058 3671 Sir.
1072 3611 1113 3683 38,
1125 3603 1153 3662 12

130 3690 235 3786 ἰατρῷ
251 3694 308 3771 δός
322 3692 429 3760 τόπον
443 3707 535 3764 utere
550 3723 650 3788 opero
662 3706 785 3769 medici.
800 3703 841 3768 cl.
857 3705 961 3768 etiam
976 3720 1045 3770 not.
1059 3706 1095 3770 ad
1104 3708 1126 3781 8,
1135 3700 1153 3761 l·

123 3794 197 3861 'Cic
211 3820 262 3883 ep.
280 3797 321 3861 ad
336 3795 413 3861 Div.
427 3802 458 3878 3,
472 3804 503 3862 6.
523 3807 573 3866 14.
596 3804 635 3867 de
655 3815 710 3868 tuo
728 3812 761 3870 ι’νι
777 3825 826 3868 me
843 3812 952 3869 απίιοο
971 3812 1153 3894 όπίρνῖιιται

125 3900 340 3964 existimandi
351 3901 469 3965 neuere
483 3903 627 3968 ttonnidil
637 3907 700 3968 Ιοοι·
716 3906 849 3971 deditae.
872 3903 961 3968 Plin.
970 3906 1056 3992 epp.
1072 3909 1110 3982 10,
1120 3900 1152 3963 u»

93 4020 95 4024 ¹
127 4001 177 4060 10.
199 4017 244 4060 αα
265 4018 324 4082 quo
339 3998 451 4075 facile
466 4010 515 4064 eet
534 4010 664 4087 opinari
681 4027 761 4093 quae
785 4004 887 4072 turba
910 4007 1069 4073 dominun
1082 4019 1151 4068 enee·

125 4097 326 4182 deripuerant,
347 4106 379 4164 ei
393 4098 465 4175 fiet
482 4110 701 4184 poentientiae
719 4109 816 4170 Ιοοαι.
859 4105 934 4172 lam
959 4107 1059 4171 uerba
1076 4110 1150 4165 notit!

125 4195 270 4260 nonnulli
278 4198 432 4264 reddunt:
455 4198 547 4268 locus
559 4205 581 4266 i.
598 4216 743 4289 potestas
762 4209 792 4271 ei
809 4227 875 4273 nou
890 4206 1149 4295 contingebam*
