2632 4740
408 286 570 363 curun
603 287 694 360 ιιι.
728 310 764 363 v.
792 295 826 362 a.
1063 268 1136 361 aar

107 456 254 523 :orborum
285 455 579 540 interpretationem
607 454 810 518 verissimam
833 450 1034 515 iudicandam
1063 472 1136 515 esso

101 576 262 623 *eruemus
305 556 346 640 B)
362 556 416 620 Ex
432 555 567 620 aliorum
589 556 746 618 sententia
763 575 855 617 mens
875 554 1040 635 scriptoris
1056 551 1137 614 haec

105 668 153 723 ¹ut:
167 655 426 722 'Melchisedeeus
440 678 460 718 a
473 653 568 719 Mose
585 656 630 718 ita
644 653 844 733 describitur,
866 674 904 716 ac
917 653 1023 716 sinon
1045 673 1064 713 a
1079 674 1136 736 pa·

112 756 239 836 entibus,
261 768 297 819 ut
308 755 455 819 homines
468 753 584 835 solent,
605 765 780 840 prognatus
793 753 929 838 ideoque
947 773 1011 815 non
1033 754 1066 814 in
1079 773 1137 836 ge·

121 856 251 945 eulogias
270 856 394 921 relatus
417 858 469 935 sit,
492 856 551 919 aed
563 877 584 918 a
600 853 673 917 Deo
688 856 845 939 originem
863 851 1021 931 habuerit,
1042 863 1138 935 atque

123 955 310 1023 sadumbrat
325 954 560 1042 Christum,qui
576 956 605 1018 si
617 955 814 1018 divinitatem
832 953 903 1018 eius
914 962 1052 1037 spectes,
1068 953 1139 1013 sine

121 1068 185 1121 nne
197 1056 278 1132 fuit3
300 1067 332 1121 et
347 1059 417 1120 sine
439 1067 532 1142 patre
552 1056 657 1143 quoad
671 1055 840 1119 humanam
859 1038 964 1139 ipsius
982 1063 1138 1114 naturam.
1226 1122 1231 1132 Ι

125 1156 157 1221 ed
174 1167 209 1221 nt
228 1178 273 1223 ex
289 1159 343 1239 iis,
369 1179 451 1243 quae
472 1155 626 1220 hactenus
648 1157 896 1240 disputavimus,
924 1152 1045 1216 clarum
1064 1170 1138 1215 esse

122 1254 287 1349 rlritrnmur,
310 1267 343 1320 et
356 1259 469 1321 utiam
480 1258 603 1321 monuit
621 1256 785 1335 Cameren,
802 1256 841 1317 de
857 1253 985 1318 Christo
997 1250 1076 1314 haec
1089 1249 1139 1311 di·

121 1369 225 1421 nsunt
237 1377 302 1422 non
315 1358 419 1442 ipsias
432 1377 602 1441 personae,
624 1355 682 1420 sed
695 1354 866 1419 sacerdotii
880 1355 1004 1417 ratione
1017 1350 1138 1415 habita.

122 1456 355 1523 idetl’ee’rce'oe
370 1458 455 1521 adh.
471 1455 494 1520 l.
523 1456 637 1543 Neque
654 1456 734 1520 adeo
755 1453 893 1540 probare
907 1474 1040 1541 possum
1054 1450 1138 1515 B'o’lr·

121 1559 370 1638 ai'aententiam,
391 1560 464 1644 qui,
486 1557 615 1638 siletur,
638 1559 757 1645 inquit,
780 1555 861 1621 Gen.
874 1553 897 1618 l.
911 1552 934 1619 l.
949 1553 988 1616 de
1002 1549 1141 1627 Melchi-

121 1656 198 1723 cdeci
220 1658 408 1744 parentibus
434 1671 467 1721 et
481 1657 672 1738 maioribus,
698 1658 783 1722 unde
804 1657 913 1721 rhetor
933 1664 1044 1717 noster
1067 1672 1141 1715 eum

119 1756 191 1821 dese
203 1762 274 1821 sine
285 1756 339 1823 his
350 1759 537 1843 praedicare
549 1780 647 1823 ausus
659 1771 718 1840 est,
741 1756 836 1822 simul
848 1755 944 1822 habet
958 1762 1141 1838 respectum

122 1856 180 1922 dl.
196 1854 244 1920 Μ.
262 1879 451 1943 personam,
473 1862 611 1923 carentis
627 1871 719 1944 patre
740 1859 899 1937 terrestri,
926 1876 964 1919 ac
982 1852 1142 1917 sacerdoti

114 1952 208 2023 'elritia
220 1957 393 2023 natalibus.
437 1957 477 2043 C)
497 1958 668 2024 lllecltadc'e
685 1960 720 2021 in
734 1958 919 2040 Erklttrcag
930 1959 961 2024 d.
974 1953 1087 2031 Bre'efe
1098 1972 1142 2017 aa

116 2058 131 2120 '.
141 2056 316 2141 Helnnot.
327 2066 397 2124 142.
418 2079 548 2123 sensum
560 2057 732 2123 verborum
744 2062 789 2122 ita
802 2060 976 2124 constituit:
998 2056 1053 2141 qui
1067 2074 1143 2139 ppo·

118 2168 166 2223 tttr
180 2148 334 2223 eiimiam
346 2159 543 2245 dignitatem,
566 2181 629 2247 qna
643 2159 787 2246 reliquos
801 2161 984 2244 sacerdotes
1000 2161 1142 2238 superat,

117 2278 159 2325 ron
170 2258 269 2325 lrabet
286 2260 371 2346 quod
386 2263 508 2345 pariter
524 2274 620 2348 atque
634 2260 683 2324 illi
696 2273 875 2326 accuratam
889 2261 1000 2345 patris,
1020 2256 1143 2335 matris,

116 2356 248 2427 mamm
267 2350 463 2426 notationem
485 2363 520 2424 in
541 2361 659 2427 tabulis
681 2359 900 2448 genealogicis
923 2370 1029 2439 curet,
1049 2375 1144 2443 quam

110 2458 148 2527 'lli
164 2474 332 2548 tantopere
354 2465 532 2526 aestimant.
586 2460 686 2526 Notat
708 2461 752 2527 V.
769 2460 813 2527 D.
833 2460 917 2547 apud
936 2458 1063 2524 Arabes
1087 2477 1144 2519 eo·

111 2558 169 2628 len
180 2562 250 2627 lere
266 2562 361 2628 modo
377 2564 455 2628 dici:
477 2585 539 2629 oon
557 2574 609 2629 est
630 2572 665 2630 ee·
674 2571 784 2651 pater.
829 2561 890 2626 Cui
905 2573 1012 2645 tamen
1027 2554 1145 2623 verbo·

111 2682 166 2729 tm
188 2664 388 2748 expositioni
409 2675 442 2727 et
460 2683 538 2728 usus
562 2661 715 2751 loquendi
741 2674 774 2726 et
795 2664 949 2732 orationis
973 2671 1145 2724 contextus

111 2756 293 2828 circuatur.
311 2761 396 2849 μήτε
404 2761 513 2850 α’ρχὴν
521 2760 660 2851 ἡμερῶν,
676 2758 759 2849 μήτε
771 2763 853 2845 ζωῆς
869 2765 963 2839 τέλος
979 2757 1074 2846 ἔχων]
1089 2779 1146 2822 oe·

111 2864 290 2947 potantum
305 2866 437 2944 dierum,
459 2879 559 2951 neque
572 2865 768 2945 eitaeficem
784 2865 878 2933 iubet
891 2869 914 2931 i.
929 2887 958 2928 e.
973 2881 1077 2946 neque
1096 2854 1147 2920 vi·

111 2964 389 3045 meinsindam,
410 2985 514 3051 neque
528 2964 605 3028 finis
621 2966 656 3029 in
669 2961 774 3030 literis
796 2967 898 3031 saeris
918 2980 1147 3027 commemora·

112 3054 162 3128 l'ur.
198 3065 237 3130 ln
253 3064 305 3129 lris
319 3062 431 3128 verbis
445 3084 510 3128 non
523 3066 630 3129 minus
650 3064 825 3131 haeserunt¹
836 3068 1040 3148 interpretes.
1073 3057 1147 3124 set.

116 3156 286 3246 &lamma
307 3165 480 3232 Motaelo
496 3164 537 3229 ad
556 3167 676 3248 Petro,
702 3165 858 3247 Stor're'ce,
879 3164 1026 3230 Batava.
1041 3183 1081 3225 ea
1095 3182 1148 3224 re·

113 3256 204 3329 larum
219 3267 261 3331 ad
276 3265 398 3331 Christi
419 3261 655 3348 aeternitatem,
676 3265 737 3332 hoc
754 3287 868 3332 sensu:
889 3264 1025 3347 „omissi
1044 3265 1079 3326 in
1098 3260 1149 3325 hi·

114 3366 201 3433 storia
211 3364 445 3432 Melchisedeci
458 3365 523 3430 diei
538 3363 655 3431 natalis
669 3379 702 3430 et
716 3367 858 3453 supremi
875 3364 1058 3451 (Michaelis
1074 3386 1150 3428 ver·

114 3454 226 3547 lintea
238 3468 337 3553 facio)
350 3467 412 3532 hoc
424 3467 605 3550 consilium,
624 3468 705 3533 haec
718 3470 769 3532 vis
779 3479 839 3547 est,
850 3478 885 3530 ut
894 3464 1051 3545 Christus,
1060 3467 1152 3528 cuins

113 3566 194 3649 typus
207 3564 466 3632 Melchisedecue
480 3581 577 3650 esset,
600 3569 640 3633 ad
652 3573 743 3634 cuius
759 3566 997 3632 similitudinem
1014 3563 1152 3630 Melchi-

107 3664 209 3731 'tedeci
229 3668 456 3732 informaretur
474 3670 598 3755 imago,
625 3690 685 3735 nec
703 3671 829 3733 initium
843 3670 931 3732 vitae
942 3662 1079 3744 habere,
1099 3673 1151 3724 nt-

107 3772 177 3839 Pote
196 3766 301 3848 Deus,
323 3780 419 3857 atque
441 3767 481 3832 ab
503 3784 633 3835 aeterno
654 3774 719 3835 iam
741 3772 866 3850 vivens,
888 3790 948 3833 nec
966 3765 1063 3830 finem
1084 3763 1152 3826 die·

107 3872 188 3950 Pam,
214 3867 486 3954 intelligeretur.“
527 3868 657 3934 Rectius
686 3890 765 3934 vero
795 3867 941 3955 plerique
961 3868 1154 3950 interpretes

103 3950 182 4033 llaec
201 3966 304 4032 verba
322 3971 363 4033 ad
381 3973 593 4036 sacerdotium
612 3971 772 4052 referunt,
801 3991 895 4056 quarn
915 3965 1154 4052 interpretatio·

101 4070 176 4135 nem
199 4091 239 4133 en
263 4090 345 4157 quae
368 4082 614 4156 praecesserunt
641 4082 673 4135 et
700 4072 781 4159 quae
810 4078 985 4157 sequuntur
1009 4063 1154 4128 suadent.

101 4154 170 4235 Set
184 4172 241 4261 qui
252 4168 337 4253 hanc
354 4172 543 4290 sententiam
560 4171 746 4255 defendunt,
768 4174 793 4236 ii
809 4190 935 4258 qnoque
958 4183 1155 4251 magnopore
