2604 4746
116 281 191 353 sla
406 271 593 391 'creor
611 268 694 383 lx·
732 290 769 344 v.
800 272 858 342 14.

116 437 186 505 bris
197 436 240 504 N.
257 434 299 505 Τ.
315 436 486 504 admodum
499 435 664 522 frequens,
687 446 763 500 etv.
781 439 811 498 8.
829 435 1023 518 praecessit.
1066 434 1184 502 Libra·

118 541 161 606 rii
172 542 273 626 igitur
285 551 318 604 et
331 539 532 623 gratnmatici
544 539 579 600 in
595 535 704 612 lecum
724 535 875 601 lectionis
898 533 1108 616 difficilioris,
1132 560 1184 622 pa-

118 662 189 704 rum
201 639 387 705 intellectae
399 661 456 705 ων.
470 632 604 708 αἰωνίου
622 634 855 701 substituerunt
868 634 1043 701 lectionem
1057 637 1184 702 facilio-

119 762 188 803 rem
211 762 266 805 νον.
282 736 391 820 οἰγίου,
409 761 469 804 nec
481 734 632 802 dubitari
646 747 754 821 potest
774 738 850 820 quin
870 749 959 800 recte
981 738 1182 806 retinendam

39 888 43 897 .
119 839 293 903 iudicarint
311 838 485 903 lectionem
503 833 649 911 αἰωνίου,
671 848 822 923 tanquam
840 839 935 901 unice
957 858 1082 918 veram,
1104 840 1177 904 Mil·

119 942 198 1021 lo'us,
223 940 415 1024 mengono,
452 938 664 1014 Wetstemo'e,
693 935 937 1016 assertatores,
964 937 1171 1022 Matthaeus,

123 1029 286 1121 Stlottss,
305 1040 490 1124 Knoppc'us,
520 1037 666 1115 Valerus,
693 1047 726 1098 et
747 1037 1093 1121 interpretestantnm
1115 1060 1168 1106 non

121 1160 245 1203 omnes.
286 1137 339 1204 Da
353 1161 452 1204 sensu
466 1151 572 1203 antem
588 1135 762 1213 verborum
773 1128 832 1202 διοί
844 1134 1034 1222 πνεύματος
1046 1134 1167 1206 αἰωνίου

122 1236 241 1306 ἑαυτὸν
264 1236 493 1327 προσήνεγκεν
512 1258 689 1322 permagna
712 1248 762 1301 est
778 1240 990 1321 interpretum
1008 1240 1164 1316 dissensio.

121 1336 242 1404 Varias
263 1339 359 1404 hunius
384 1339 454 1404 loci-
475 1336 713 1423 explicationes
740 1340 907 1422 congessit
927 1350 960 1402 et
982 1343 1164 1412 examinarit

121 1461 184 1505 οου
199 1443 260 1506 der
273 1440 364 1505 Boon
377 1440 502 1519 Mesoa,
526 1442 560 1503 in
580 1436 693 1501 libello
708 1440 881 1523 inscripto:
904 1430 1076 1522 Specimen
1093 1440 1163 1504 Her·

121 1542 336 1605 rneneuticum
346 1539 503 1604 inlocum
516 1539 557 1602 ad
568 1537 711 1620 Hebat),
720 1546 770 1602 14.
792 1539 944 1624 Lugduni
958 1537 1071 1603 Batav.
1087 1547 1164 1605 1819.

122 1645 153 1702 8.
173 1637 404 1727 ¹Nos-quidem
423 1641 615 1723 praecipuas
638 1640 834 1718 sententias,
862 1641 946 1701 inter
967 1661 1026 1703 aas
1045 1642 1165 1704 adama

2 1798 9 1813 ,
122 1737 167 1802 V.
183 1737 227 1802 D.
243 1741 395 1819 omissas,
414 1737 598 1817 afferamus,
618 1740 675 1818 ita,
687 1750 732 1815 ¹¹ut
751 1738 882 1802 easdam
894 1741 1008 1822 paucis
1027 1739 1166 1831 diiudica-

121 1859 203 1902 mus.
248 1841 279 1923 1)
292 1838 489 1924 Interpretes
509 1835 656 1903 nonnulli
671 1840 870 1923 antiquiores
890 1862 951 1924 par
965 1840 1091 1925 nosipsos
1105 1836 1168 1903 υἰυί·

121 1954 198 2003 νιον
213 1933 451 2016 intellexerunt,
459 1941 616 2027 Spiritum
633 1938 668 2001 S.
689 1941 810 2003 eximie
826 1941 872 2003 ita
893 1942 1027 2022 dictum,
1049 1953 1169 2005 naturae

15 2034 18 2039 ’
121 2038 251 2104 divinae
266 2043 388 2105 socium
403 2039 445 2104 ab
459 2052 591 2104 aeterno
607 2040 811 2119 existentem,
832 2051 864 2102 et
885 2041 987 2105 verba
1008 2040 1065 2108 διοί
1086 2037 1181 2106 nord·

121 2162 228 2224 ματος
248 2137 387 2207 αἰωνίου
406 2140 461 2205 val
479 2142 520 2204 ad
538 2136 748 2226 προσήνεγκε
761 2136 952 2221 retulerunt,
973 2146 1105 2228 ἰυυμυίνυ
1122 2141 1170 2228 Sp.

125 2238 162 2305 S.
184 2241 372 2318 scultetici,
402 2239 457 2307 vel
480 2240 521 2305 ad
544 2237 685 2325 ἄμωμον
714 2238 862 2318 efficacia
892 2241 1036 2328 Spiritus
1060 2241 1171 2308 Sancti

121 2340 286 2426 Hypatius
304 2345 339 2405 in
362 2339 556 2404 Commeat:
586 2361 632 2408 ex
655 2361 702 2404 eo.
719 2341 806 2427 quod
826 2340 976 2407 Christus
997 2363 1035 2406 se
1055 2341 1171 2420 obtulit,

120 2438 307 2523 impellente
323 2454 356 2505 et
380 2449 576 2525 cooperante
591 2439 648 2525 Sp.
663 2440 698 2504 S.
719 2454 808 2505 recta
828 2443 977 2524 infertur,
998 2443 1085 2528 quod
1109 2445 1174 2530 quia

121 2538 179 2622 Sp.
194 2538 228 2602 Sr
252 2539 383 2605 Christo
409 2538 622 2604 sanctificanti
641 2554 845 2627 cooperatur,
867 2542 1105 2628 agnoscendum
1119 2554 1170 2622 est,

122 2631 324 2723 spiritualem
347 2662 473 2727 quoque
498 2641 660 2722 ellectum,
689 2664 806 2728 nempe
826 2643 1085 2727 purificationem
1106 2666 1173 2708 con·

108 2740 346 2820 scientiarum,
367 2764 388 2804 a
409 2739 568 2805 sacrificio
589 2741 712 2807 Christi
733 2742 916 2828 provenire.
959 2741 1112 2807 Refutata
1133 2753 1174 2806 est

121 2837 201 2902 haec
222 2835 381 2904 sententia
397 2862 422 2903 a
445 2839 518 2904 Sed.
541 2837 701 2909 Scdmtdo'o
724 2842 765 2907 ad
779 2841 811 2905 h.
830 2839 854 2903 l.
878 2841 1056 2915 etIIt'oclrio
1071 2846 1104 2906 in
1118 2847 1174 2907 sin·

122 2938 229 3023 gulari
244 2941 471 3006 dissertatione
487 2943 612 3006 inserta
627 2940 850 3006 Bibliothecae
866 2939 1051 3007 Lubecensi
1064 2941 1173 3008 Voti.

121 3061 154 3123 p·
170 3045 230 3105 361
246 3062 318 3129 sqq.
335 3043 390 3129 qui
404 3051 608 3119 monuerunt,
631 3039 802 3105 consilium
821 3043 987 3128 scriptoris
1012 3064 1098 3121 esse,
1118 3046 1174 3106 rir-

121 3150 221 3205 tutem
234 3144 401 3226 sanguinis
418 3140 540 3207 Christi
551 3162 651 3225 super
667 3143 817 3207 virtutem
832 3144 999 3228 sanguinis
1016 3154 1047 3206 et
1066 3146 1174 3207 cineris

121 3238 286 3307 brutorum
301 3241 474 3323 extollere,
497 3243 557 3306 sed
573 3241 630 3327 sp.
648 3241 682 3306 S.
696 3262 874 3327 personam
894 3263 959 3304 ncn
979 3242 1174 3308 effecissent

121 3362 209 3403 mors
233 3339 353 3405 Christi
376 3346 411 3407 vi
430 3366 490 3409 sua
509 3341 644 3408 salutari
663 3340 761 3427 longe
788 3342 994 3427 maximeque
1015 3353 1174 3428 superaret

122 3442 350 3526 adspersiones
380 3455 413 3525 et
440 3443 598 3508 sacrificia
612 3440 828 3515 -Indaeorum3
866 3454 898 3504 et
924 3463 987 3507 oon
1003 3444 1073 3508 der
1093 3444 1174 3509 Boon

122 3542 237 3606 llIesed
252 3541 274 3606 l.
290 3541 314 3606 l.
329 3565 362 3630 p.
376 3546 428 3608 36.
450 3542 686 3622 animadvertit,
701 3544 730 3606 si
746 3542 803 3627 Sp.
821 3541 856 3606 S.
872 3544 991 3606 eximie
1006 3544 1052 3608 ita
1068 3544 1174 3610 dictum

121 3642 341 3707 intellexisset
358 3641 516 3727 epistolae
536 3657 657 3723 auctor,
679 3664 754 3712 eum
765 3644 874 3726 potius
898 3644 1091 3727 scripturum
1105 3647 1175 3709 fuis·

122 3764 175 3823 se,
198 3743 255 3809 διοί
278 3740 471 3828 πνεύματος
490 3741 611 3827 υἰγίου,
634 3756 667 3807 et
691 3746 721 3809 si
741 3740 859 3806 velita
881 3746 1035 3828 scriptum
1054 3727 1178 3816 fuisses¹

121 3846 419 3927 interpretationem
440 3843 500 3910 hac
515 3845 619 3930 premi
638 3841 835 3922 difficultate,
858 3842 943 3929 quod
963 3864 1005 3907 ne
1024 3842 1092 3907 nllc
1116 3847 1184 3933 qni«

121 3945 194 4008 dem
215 3945 249 4006 in
269 3941 342 4009 loco
359 3941 403 4009 Ν.
417 3942 458 4008 Τ.
476 3943 625 4010 Christus
645 3946 768 4015 dicatur
786 3966 806 4007 a
829 3943 887 4028 Sp.
912 3941 945 4008 S.
958 3936 1139 4030 impulsus,
1150 3956 1184 4009 ut

12 4136 16 4141 ·
121 4064 157 4107 sc
178 4056 330 4132 tanquam
352 4047 514 4115 victimam
537 4044 611 4110 Deo
632 4046 766 4110 offerret
788 4044 830 4108 ad
853 4043 1015 4131 expianda
1041 4038 1184 4131 peecata,¹

123 4144 181 4211 scd
195 4160 395 4216 constantem
409 4159 483 4232 oste
500 4147 578 4219 Iesu
592 4146 888 4239 Apostolorumquo
904 4145 1093 4227 doctrinam,
1116 4164 1184 4215 cu
