2632 4740
82 346 180 417 ΙΙ111
265 296 267 300 ,
480 341 642 418 Crour
676 344 705 416 1.
741 348 840 419 ut.
956 364 980 411 .’
1067 366 1075 383 ·

42 518 46 525 “
131 509 553 598 praemissisc'tnnepondus
563 509 693 576 addere.
716 509 809 576 Haec
818 529 897 574 roro
907 511 1197 597 speciosiusqnsrn

130 614 241 678 verius
258 612 418 696 disputata
434 611 541 675 video.
585 611 714 676 Etenim
731 613 907 697 scriptores
920 609 967 675 Ν.
977 608 1019 675 'l'-
1037 630 1103 675 uon
1120 612 1189 674 exi·

129 714 230 801 gandi
245 723 319 776 sunt
336 711 379 776 ad
395 731 539 777 normam
552 698 712 776 Graeciae
723 710 876 798 Latiique
891 713 1104 797 scriptorum,
1127 728 1189 801 aon

129 815 259 881 illo'rurn
269 813 390 900 scripta
400 810 651 894 exAristctelis,
663 812 843 894 Ciceronis,
856 811 1056 898 aliorumque
1067 807 1189 897 regulis
1211 842 1214 847 ·

130 914 345 981 diiudicanda.
374 908 548 979 Praeterea
559 910 614 977 vel
627 913 728 978 exiis
741 934 823 998 quae
836 934 934 1001 supra
945 912 1188 1001 disputavimus,
1214 968 1217 973 .

31 1080 33 1099 ,
111 1015 226 1084 'facile
236 1014 379 1103 perspici
390 1034 490 1100 posse
503 1012 711 1094 arbitramur,
730 1013 787 1100 qui
797 1011 917 1079 factum
929 1015 989 1095 sit,
1004 1023 1042 1075 ιιι
1052 1010 1189 1097 scriptor

129 1118 224 1181 huius
238 1136 324 1202 epta
334 1115 451 1180 maiori
462 1113 619 1181 adminus
632 1113 846 1180 descenderit.
888 1111 972 1179 Cum
983 1114 1072 1179 enirn
1080 1102 1158 1179 inde
1169 1104 1191 1175 t
1203 1106 1219 1149 '¹

128 1240 160 1283 v.
174 1206 252 1284 224.
266 1217 454 1302 dignitatern
465 1214 543 1280 Iesu
549 1214 695 1280 Messias
707 1214 816 1301 (quern
827 1235 860 1279 v.
873 1223 902 1282 1.
915 1202 1085 1303 prophetis
1096 1198 1189 1279 Π.
1208 1194 1221 1233 ·’

110 1332 113 1339 ’
128 1319 336 1407 opposuerat)
350 1317 573 1403 descripserit,
596 1317 670 1380 erun
684 1316 856 1379 nominarit
874 1316 1086 1403 κληρονόμον
1100 1310 1191 1380 ’πάν-

128 1444 204 1506 των,
225 1416 371 1498 ποιητήν
383 1419 453 1484 τῶν
460 1414 600 1497 αἰώνων,
612 1413 818 1501 ἀπαύγασμα
831 1417 893 1494 τῆς
905 1411 1007 1495 δόξης
1018 1419 1079 1481 τοῦ
1095 1414 1192 1494 Θεοῦ,

128 1534 161 1586 et
174 1521 306 1600 dixerit,
329 1540 402 1583 eum
414 1519 456 1583 ad
468 1517 534 1583 Dei
547 1518 695 1581 dextram
709 1516 910 1597 consedisse,
923 1516 975 1580 his
988 1516 1192 1603 praemissis,

127 1643 242 1707 parurn
254 1621 483 1683 convenienter
496 1617 659 1682 Christum
682 1628 903 1702 comparasset
920 1638 993 1681 curn
1007 1614 1130 1702 legatis
1144 1615 1193 1679 di·

127 1722 230 1800 vinis,
260 1720 381 1783 veteris
395 1719 603 1782 oeconomiae
615 1717 862 1803 interpretibus,
881 1718 1029 1804 inprimis
1042 1716 1141 1782 Mose
1159 1729 1194 1781 et

127 1821 269 1900 Aarone,
292 1840 364 1882 cum
375 1817 576 1901 hominibus,
602 1820 797 1883 refutatores
809 1810 964 1900 Iudaeos,
986 1821 1043 1905 qui
1054 1817 1193 1903 religio·

126 1943 201 1987 nem
214 1918 420 1984 christianam
439 1930 677 1984 contemnerent
695 1931 728 1982 et
744 1920 967 2004 repudiarent,
986 1919 1074 2006 quod
1092 1940 1158 1983 non
1170 1941 1194 1984 a
1225 1920 1229 1930 '

121 2021 218 2104 Deo,
238 2042 305 2089 non
323 2019 578 2084 ministrantibus
592 2008 733 2109 angelis,
755 2031 791 2083 nt
803 2019 862 2084 lex
873 2017 1033 2101 Mosaica,
1046 2016 1190 2106 promul·

106 2140 109 2145 ’
125 2137 202 2212 gata
215 2134 313 2189 esset.
358 2118 599 2207 Cupidemalgis
617 2128 713 2207 quam
731 2141 809 2183 vere
826 2118 990 2185 iudicasse
1008 2120 1192 2198 Habcrfcl»

125 2230 225 2305 dicem,
247 2225 471 2307 interpretatio
484 2221 640 2303 locorum,
661 2223 696 2285 in
710 2218 827 2306 quibus
841 2218 990 2289 Cirristus
1003 2242 1076 2284 curn
1090 2241 1194 2308 ange·

124 2325 167 2391 lis
183 2328 402 2408 comparatur,
425 2320 466 2385 ab
479 2344 518 2386 eo
534 2323 712 2408 proposita,
731 2318 920 2405 planissime
933 2321 1039 2411 docet.
1079 2321 1194 2387 Voca-

8 2424 12 2429 ’
125 2423 236 2488 bulum
249 2420 396 2505 ἄγγελος
409 2420 511 2486 Hebr.
526 2413 620 2507 ηιιέιι
634 2422 674 2484 de
686 2419 819 2505 legatis,
841 2416 970 2507 πνεῦμα
990 2421 1030 2486 de
1050 2421 1194 2491 doctori·

125 2523 186 2588 bus
206 2521 374 2607 usurpari,
401 2544 466 2588 ncn
488 2541 660 2610 negamus;
688 2516 829 2604 ἄγγελος
847 2521 894 2584 ita
910 2523 1052 2605 positum
1068 2521 1192 2609 legitur

10 2649 12 2654 ·
94 2644 96 2647 ·
124 2622 240 2687 March.
256 2628 306 2702 11,
322 2625 375 2685 ιο.
399 2621 479 2686 Luc.
494 2614 524 2704 9,
536 2629 591 2689 or.
617 2616 750 2707 arripe
771 2619 1012 2702 1001.12,10.
1043 2622 1146 2688 11012.
1157 2632 1190 2705 4,
1215 2700 1219 2711 ¹

126 2733 155 2790 1.
175 2723 235 2786 sed
251 2722 314 2786 hoc
328 2724 447 2787 rariori
460 2723 659 2812 significatu,
683 2742 776 2808 quem
794 2719 862 2785 illis
875 2723 910 2786 in
929 2720 1012 2786 locis
1032 2725 1190 2788 orationis

124 2824 228 2911 series
241 2819 382 2907 flagitat,
404 2824 499 2887 etiarn
512 2827 547 2888 in
559 2823 620 2888 hac
633 2819 772 2908 epistola
783 2821 864 2886 haec
877 2821 1036 2888 vocabula
1047 2823 1135 2910 legi,
1155 2822 1189 2888 id

40 2940 46 2955 ’
123 2944 202 2988 vero
221 2943 449 3008 pernegamus.
472 2921 552 3010 Cap.
566 2931 597 3006 2,
612 2914 649 2990 3.
661 2921 898 2999 Haberfelde'ur
917 2945 976 3008 per
994 2922 1072 2999 τούς
1088 2922 1187 3008 ἀγγέ-

122 3023 202 3099 λους
214 3033 250 3086 ut
262 3021 334 3087 Act.
341 3027 373 3103 7,
381 3028 433 3088 53.
457 3023 530 3089 Gal.
544 3031 575 3106 3,
591 3031 641 3090 19.
654 3029 782 3089 coactior
795 3025 928 3102 detines,
940 3021 1061 3089 Mosen
1075 3037 1109 3087 et
1123 3024 1186 3090 Aa·

67 3188 74 3197 ..
121 3144 235 3188 renem
252 3120 421 3209 intelligit,
442 3133 597 3212 per'quos
612 3124 670 3203 lex
684 3123 752 3189 lata
765 3122 808 3184 sit
823 3119 897 3184 coll.
912 3121 977 3185 Ex.
996 3127 1045 3204 19,
1063 3131 1115 3190 24.
1133 3124 1187 3190 ubi

121 3220 236 3286 Moses
258 3243 329 3287 cum
345 3223 477 3289 Aarone
496 3227 532 3290 in
550 3236 691 3289 montem
707 3232 851 3285 sanctum
868 3243 904 3285 se
922 3222 1099 3290 contulisse
1114 3248 1185 3312 pen-

121 3319 261 3385 hibctur.
303 3322 371 3388 Sed
383 3325 495 3389 Aaron
511 3323 633 3389 nullam
648 3322 790 3388 habebat
801 3324 837 3387 in
850 3321 960 3408 legum
974 3319 1096 3391 latione
1113 3349 1185 3413 par·

121 3433 196 3486 tem.
211 3421 295 3486 conf.
313 3425 411 3488 etiam
426 3424 468 3488 ad
483 3424 515 3489 h.
529 3424 552 3490 l.
567 3424 653 3489 infra
667 3434 786 3487 notata.
802 3420 845 3488 V.
860 3428 891 3487 7.
908 3421 1011 3487 verba
1023 3422 1203 3493 Psalmi8..

122 3523 164 3589 ad
178 3521 296 3587 Mosen
311 3532 343 3586 et
357 3523 521 3591 Aaronem
534 3545 661 3612 quoque
677 3524 786 3605 refert,
804 3524 912 3589 addita
928 3524 1093 3591 notatione
1108 3526 1186 3593 hac:

120 3620 157 3686 hi
171 3623 305 3687 summis
321 3624 525 3689 condecorati
540 3623 717 3690 honoribus
732 3624 817 3688 diem
830 3623 979 3689 obierunt
990 3637 1188 3710 supremum,

122 3720 253 3788 Christo
277 3733 493 3809 antemlrnors
514 3723 681 3789 subeunda
700 3725 1028 3810 ignominiosissima,
1050 3742 1188 3814 eamque

10 3842 13 3847 ·
120 3821 164 3888 ob
187 3845 334 3889 caussam
355 3824 491 3890 inferior
512 3828 556 3890 iis
577 3825 757 3890 'videbatun
799 3825 951 3889 Attamen
968 3825 1003 3889 id
1023 3825 1066 3890 ad
1085 3826 1188 3895 breve

120 3935 247 4010 tempus
262 3904 395 4008 accidit,
414 3938 446 3991 et
467 3928 531 4009 ita,
553 3938 588 3990 nt
597 3927 650 3991 his
665 3928 741 3992 fatis
754 3924 880 3990 fortiter
903 3923 1091 4008 exantlatis,
1116 3928 1188 4014 pal-

120 4045 206 4089 mam
226 4025 269 4088 iis
283 4028 494 4112 praeriperet.
538 4024 680 4092 Versum
706 4031 755 4092 16.
776 4027 825 4091 ita
839 4023 1010 4111 explanat:
1040 4024 1188 4093 Messias

120 4142 186 4190 non
200 4146 219 4187 e
234 4123 321 4188 tribu
335 4125 483 4191 Levitica
499 4121 664 4214 (ἀγγέλων
684 4122 778 4216 quasi
799 4127 932 4212 genere)
956 4127 1042 4193 unde
1063 4131 1189 4216 prioris

120 4227 328 4299 oeconomiae
349 4249 523 4316 proceres,
542 4219 658 4310 Moses
675 4238 710 4297 st
728 4228 856 4312 Aaron,
883 4240 987 4296 ortum
1009 4228 1187 4314 habebant,
