2604 4746
194 324 269 407 452
335 311 466 438 Cseur
492 315 558 389 XI.
584 338 625 411 ν.
650 321 740 415 4⁰(
765 315 895 393 Cseur
919 318 1005 395 XII.
1032 342 1071 395 v.
1099 329 1130 394 1.

197 506 237 550 νο
259 490 329 578 stae
353 480 442 548 aeto
456 481 651 568 'perfectam
681 470 722 553 στ’,
744 492 989 554 consummatam
1008 485 1204 562 felicitatem
1218 487 1245 547 in
1295 562 1297 571 Ι

200 583 295 650 coelo
312 590 589 649 nanciscerentur.
632 580 725 645 Haec
740 581 841 645 verba
855 604 919 660 non
931 585 1190 667 tantum‘docent,
1205 587 1247 672 qui

198 685 318 750 factum
333 686 385 768 sit,
408 683 514 746 atilli
535 676 664 771 veteres
688 680 766 744 fidei
788 687 988 765 constantiae
1013 683 1165 751 laudibus
1188 708 1246 748 cor·
1294 770 1297 775 Ι

199 788 323 877 spioni,
350 805 414 847 non
436 773 659 868 reportassent
684 780 747 858 τήν
770 774 987 867 ἐπαγγελίαν,
1021 785 1081 849 sed
1105 788 1245 863 continent

202 889 299 951 etiam
320 883 574 949 consolationem
601 894 634 945 et
663 882 892 946 excitationem
922 885 1205 965 ad.constantiam
1223 897 1244 947 et
1279 874 1284 883 '

203 986 344 1060 studium
359 984 603 1071 consequendae
620 984 680 1062 τῆς
693 979 908 1069 ἐπαγγελίας.
930 982 987 1049 De
1002 983 1107 1063 uerbo
1122 984 1244 1050 τελειοί·
1292 1036 1297 1059 ,

177 1072 181 1083 ’
202 1089 291 1153 σθαι
304 1086 370 1151 vid.
385 1097 450 1150 not.
469 1086 554 1163 ad2,
570 1087 621 1147 10.

562 1267 775 1338 CA'PUT
808 1267 903 1336 XII.

208 1372 256 1467 ’,
289 1396 319 1455 1.
348 1387 541 1473 Postquam
551 1359 709 1477 epistolae
729 1401 841 1455 auctor
864 1387 943 1473 fidei
963 1364 1110 1460 indolem
1134 1389 1247 1487 eiusque

151 1550 158 1565 ,
205 1493 272 1556 vim
289 1502 331 1554 et
337 1487 511 1553 efficaciam
527 1489 694 1576 permultis
709 1488 870 1575 exemplis
888 1479 1122 1555 demonstravit
1143 1501 1173 1552 et
1188 1509 1249 1552 con·
1294 1560 1297 1569 Ι

206 1589 363 1664 firmavit3
394 1589 535 1654 lectores
556 1612 633 1657 suos
653 1589 866 1672 cohortatur,
870 1603 907 1654 ut
930 1589 1021 1654 illam
1040 1591 1184 1674 priorum
1203 1588 1250 1652 hc·

207 1694 339 1772 minum,
363 1692 460 1754 etiam
481 1693 515 1754 in
539 1689 634 1755 malis
655 1689 859 1775 perferendis
880 1687 978 1754 fidem
1004 1702 1103 1776 atque
1118 1690 1251 1753 constan·

207 1794 304 1872 tiam,
323 1792 469 1877 inprimis
491 1813 571 1856 vero
593 1793 691 1855 etiem
712 1788 788 1853 Iesu
808 1787 973 1870 Messias,
995 1793 1052 1875 qui
1073 1791 1252 1875 gravissim

210 1890 296 1956 mala
317 1889 496 1976 pertulerit,
521 1891 707 1985 exemplum
734 1890 890 1954 imitando
915 1893 1117 1977 exprimant3
1148 1911 1252 1976 eosque
1291 1910 1297 1957 .·

210 1994 370 2074 admonet,
392 1994 425 2054 in
440 1991 538 2056 rebus
553 1992 711 2073 aduersis,
734 2012 813 2078 ques
829 1989 923 2053 Deus
940 1993 1009 2054 suis
1030 1994 1252 2076 immittat,·pa·
1294 2034 1297 2057 =

199 2097 321 2179 ‘ternae
351 2094 570 2177 castigationis
599 2092 768 2157 eonsilium
797 2103 829 2154 et
856 2111 950 2153 usum
977 2093 1089 2155 inesse
1113 2113 1145 2154 v.
1169 2097 1251 2156 1-11.

212 2187 286 2271 Quo
300 2195 408 2256 acrius
422 2206 529 2258 autem
541 2194 679 2277 scriptor
693 2182 835 2256 lectores
851 2190 892 2253 ad
908 2194 1123 2257 imitationem
1132 2190 1253 2275 ¹Christi,
1293 2235 1297 2244 .

212 2308 246 2372 et
260 2295 417 2358 maiorum
431 2296 627 2371 constantiae
644 2288 826 2378 compellat,
849 2304 1013 2376 comparat
1033 2314 1092 2356 eos
1115 2314 1185 2355 cum
1198 2313 1255 2355 our·

110 2458 112 2463 ,
211 2393 341 2457 scribas
356 2396 393 2469 in
409 2392 528 2465 stadim
552 2405 751 2477 spectatores
765 2404 797 2456 et
816 2403 917 2455 testes
935 2413 1009 2455 esse
1033 2392 1112 2455 dicit
1131 2395 1255 2457 maiores

202 2495 266 2579 pie
286 2491 453 2556 defunctos
467 2515 495 2557 ο.
511 2498 560 2556 11.
573 2504 778 2574 memoratos,
800 2495 855 2580 qui
870 2494 964 2577 quasi
979 2515 997 2555 e
1013 2491 1109 2556 coelo
1133 2496 1170 2557 in
1189 2493 1256 2557 hanc

212 2598 332 2655 terram
348 2590 537 2675 despiciant,
548 2587 581 2656 et
595 2596 779 2680 certaminis
792 2592 932 2656 iudicem
946 2593 1090 2657 nominat
1100 2608 1102 2612 ·
1111 2591 1255 2658 Christum

212 2713 245 2756 v.
261 2697 292 2754 1.
310 2697 340 2754 2.
355 2689 427 2753 Hac
445 2691 633 2778 metaphora
654 2714 674 2755 a
695 2691 782 2755 ludis
801 2703 946 2756 veterum
963 2690 1104 2776 puhlicis
1127 2696 1254 2759 desumo

211 2791 345 2876 saepius
359 2793 455 2855 ctiam
469 2790 590 2855 Paulus
603 2794 637 2856 in
655 2790 802 2878 epistolis
818 2794 887 2856 suis
902 2813 979 2856 usus
994 2807 1046 2858 est
1064 2810 1098 2871 ν.
1115 2803 1132 2859 1
1150 2795 1224 2860 Cor.
1233 2802 1256 2871 1,

215 2899 275 2972 24.
289 2888 374 2954 Phil.
387 2896 473 2970 3,12
489 2913 538 2978 sq.
560 2891 680 2956 t'l'im.
696 2896 729 2974 ti,
741 2899 799 2973 12.
822 2900 842 2956 2
856 2890 941 2957 Tim.
953 2901 985 2972 4,
996 2896 1027 2955 7.
1041 2900 1073 2959 8.
1096 2895 1258 2980 τοιγαροῦν

216 2994 276 3079 pai
292 2989 390 3076 ἡμεῖς
409 2993 569 3058 τοσοῦτον
591 2988 720 3078 ’ἔχοντες
741 2990 954 3080 προκείμενον
974 2990 1060 3078 ἡμῖν
1070 2995 1177 3084 νέφος
1187 3015 1260 3082 μορ

216 3089 336 3177 τύρων]
361 3103 565 3179 quapropter:
578 3115 635 3158 ποι
652 3115 772 3180 quoque
786 3104 884 3159 tantu
895 3096 1124 3173 tettacmacbe
1136 3101 1259 3182 cumque

200 3200 327 3258 'cincti
351 3189 528 3277 Vulgatus:
544 3206 579 3260 et
593 3217 651 3260 nor
667 3203 791 3260 tantam
807 3194 964 3260 habentes.
973 3203 1155 3282 impositam
1167 3199 1261 3262 σοίαι

216 3300 355 3358 testium·
405 3290 519 3357 Solent
539 3297 718 3378 scriptores
736 3307 881 3376 veteres,
904 3292 937 3360 et
959 3295 1077 3362 Graeci
1096 3312 1131 3363 et
1153 3299 1261 3377 Latini,

217 3392 259 3456 ad
272 3391 476 3475 indicandam
490 3414 640 3480 magnam
653 3406 691 3458 et
715 3396 891 3460 confertam
908 3382 1157 3481 multitudinem,
1178 3422 1261 3488 quam

205 3495 278 3556 'vix
289 3486 474 3579 perspicere
489 3505 544 3556 aut
558 3515 727 3558 numerare
746 3497 817 3581 quis
835 3499 950 3580 possit,
970 3499 1142 3565 vocabulis
1156 3503 1263 3581 νέφος,

213 3593 356 3682 νεφέλη,
376 3593 484 3674 nuber,
504 3576 626 3659 atatim
643 3596 689 3659 uti
712 3589 833 3659 Ezeeh.
853 3602 904 3677 38,
917 3604 949 3662 o.
965 3598 1080 3665 LXX.
1105 3602 1166 3665 xci
1185 3597 1263 3680 ἥξεις

196 3690 407 3781 ..οἱςνεφὲλφ
429 3693 730 3778 accusatricem
688 3719 760 3803 γην.
781 3696 847 3760 Ies
861 3701 913 3777 60,
927 3704 958 3763 8.
978 3694 1263 3793 τίνιςοῖδεώςνι-

216 3794 320 3916 φίλαι
341 3792 502 3859 πέτανται
517 3793 629 3858 uhiv.
656 3797 830 3862 Rocenmttl
815 3801 924 3863 11·.ααι
952 3796 1059 3862 Hom.-
1072 3799 1113 3887 11.
1139 3799 1179 3886 ὅ,
1200 3806 1262 3865 274.

218 3896 319 3988 νέφος
342 3876 461 3973 πεζῶν.
492 3891 602 3959 schol.
622 3892 736 3984 νέφος,
757 3895 932 3985 πύκνωμα,
953 3878 1142 3983 πλῆθος“
1121 3925 1142 3966 ο
1159 3900 1263 3984 τρόπος

217 3995 398 4087 μεταφοροί
413 4017 484 4059 απο
499 3990 559 4066 τοῦ
578 3993 812 4080 ἀθροίσματος
833 3997 897 4062 τῶν
912 3998 1045 4084 νεφῶν.
1075 3999 1261 4084 Hesychius.

186 4107 188 4116 '
217 4096 337 4182 νέφος,
358 4092 549 4181 ἄθροισμα,
570 4093 717 4171 πλῆθος.
743 4093 828 4161 11.’
796 4120 842 4178 π,
856 4101 907 4161 66.
944 4097 1112 4183 Ίρώαν’
1076 4121 1187 4187 νεφος.
1206 4100 1259 4162 Eu-

173 4217 177 4224 ·
216 4200 279 4285 rip.
296 4195 378 4289 Hoc,
391 4217 425 4289 ν.
438 4201 511 4264 907.
527 4192 713 4304 'Ettritum
724 4196 837 4288 νέφος.
861 4198 1155 4286 Herodot.8,109.
1175 4199 1259 4289 νέφος
1295 4276 1297 4305 Ι

1200 4552 1203 4557 ,
1292 4436 1297 4551 1
