2632 4740
157 308 227 405 128
417 294 689 394 ’,0111111111
725 322 763 375 v.
789 309 847 376 11.
875 310 935 411 12.

87 476 91 485 “
153 461 327 552 ottoniae
339 458 469 537 πάντας
482 455 662 545 ἐκβάλλειν
672 460 752 540 τούς
766 462 993 544 ὑπεναντίους.
1014 467 1112 537 Pbilo
1126 469 1173 537 Τ.
1186 478 1200 537 2

152 596 186 661 p.
201 556 274 639 556.
288 560 487 642 σπουδάζων
502 560 585 637 Θεδς
596 558 810 648 νομίζεσθαι.
823 603 865 616 -
878 561 935 633 ἵνα
949 568 999 655 μή
1012 569 1049 638 ἐν
1064 572 1112 660 τῷ
1124 573 1200 652 αὐτο,

152 696 204 750 τις
216 661 437 749 ὑποδείγματι
448 659 533 752 πέσῃ
551 661 614 742 τῆς
625 660 819 752 ἀπειθείας]
834 689 875 734 πο
891 677 1093 759 qutepercot
1106 676 1200 741 eote·

152 774 371 840 contumaciae
387 765 556 851 exemplo:
581 762 617 829 ἐν
629 785 712 848 per,
738 779 871 853 propter
886 771 974 837 idem
993 776 1200 840 contumaom

72 916 75 923 ,
152 868 348 956 exemplum,
369 863 456 929 idern
471 861 657 949 exemplum
665 871 883 933 contumaciae
897 864 1095 939 exhibendo.
1110 866 1200 957 Hele

151 974 308 1055 etelectus:
330 988 371 1030 ue
385 967 458 1052 quis
468 961 588 1028 infelix
602 965 729 1046 evadat,
753 965 868 1032 eodem
882 970 1034 1056 exemplo
1051 969 1200 1051 ἀπιστίας

139 1054 141 1063 ’
150 1071 293 1160 posteris
315 1065 473 1130 exhibito.
502 1063 522 1131 ὁ
537 1061 641 1140 αὐτὸς
656 1068 738 1131 idem
753 1063 834 1130 Luc.
849 1074 902 1149 23,
915 1074 969 1135 40.
988 1078 1018 1136 2
1034 1071 1113 1137 Cor.
1132 1063 1160 1154 1,
1175 1077 1200 1137 t

152 1173 273 1239 1Petr.
287 1173 319 1249 5,
334 1172 366 1232 9.
388 1165 563 1246 materno,
583 1165 867 1244 Motnntaneroo,
887 1169 1091 1254 Ηιαπιαιιιιι,
1118 1173 1200 1239 Vulc-

149 1279 299 1342 λοιιανίιιι
317 1264 418 1332 verbu
433 1269 702 1351 interpretantur,
733 1286 774 1330 ue
791 1269 863 1353 quis
877 1282 1023 1336 nostrum
1040 1272 1158 1337 incidat
1169 1275 1199 1336 iu

149 1376 237 1441 idem
250 1366 446 1434 diffidentiae
463 1362 649 1450 exemplum
665 1367 686 1428 i.
700 1370 777 1449 ein
790 1371 1017 1452 gravissimam
1033 1371 1196 1449 infidelita·

149 1490 216 1540 tem
235 1492 325 1537 more
346 1480 379 1533 et
400 1465 552 1552 exemplo
566 1464 797 1536 Israelitarum.
849 1469 915 1534 Sed
937 1471 999 1536 hac
1017 1474 1194 1559 interprete·

147 1578 236 1641 tione
250 1573 406 1649 admissa,
428 1578 516 1632 totus
533 1564 626 1630 locus
647 1564 780 1651 languet
804 1580 836 1633 et
854 1569 969 1656 friget3
997 1572 1131 1638 'verbum
1148 1571 1192 1638 πί·

47 1682 61 1711 ⁴
146 1688 256 1754 notun,
280 1685 316 1737 ut
325 1670 428 1736 Hebr.
440 1658 499 1736 ⁷²22
512 1666 643 1752 saepius
658 1668 704 1729 ita
715 1664 837 1753 legitur
849 1683 884 1733 ut
897 1674 940 1735 sit
954 1674 1115 1753 insolitem
1120 1674 1194 1754 ficu·

146 1802 179 1844 v.
193 1777 291 1841 Prov.
310 1781 360 1863 11,
377 1777 429 1836 28.
446 1769 498 1848 24,
517 1772 568 1832 16.
589 1766 683 1832 Rom.
697 1769 749 1850 11,
768 1776 819 1849 11.
845 1769 910 1838 Sir.
923 1778 955 1854 2,
973 1781 1005 1839 8.
1022 1787 1056 1838 et
1071 1788 1106 1839 ut
1121 1775 1189 1839 baut

146 1879 310 1942 notionem
321 1873 355 1937 b.
367 1871 390 1937 l.
408 1871 510 1938 verbo
526 1867 777 1950 substituamus,
800 1893 934 1958 eaquae
949 1879 980 1955 3,
995 1880 1045 1940 17.
1063 1882 1186 1955 1111111,

36 1996 39 2001 '
147 1987 197 2043 12.
214 1978 381 2062 leguntur,
411 1974 490 2036 satis
510 1992 670 2055 superque
691 1970 815 2034 docent.
868 1970 937 2034 Alii
953 1973 1133 2059 explicant:
1154 1994 1186 2039 m

145 2081 217 2166 quis
229 2081 264 2141 iu
278 2075 412 2143 eandem
430 2074 648 2137 contumaciae
662 2092 803 2156 poenam
817 2070 947 2154 incidat,
969 2084 1005 2136 ut
1017 2074 1189 2162 topasion

143 2181 186 2242 sit
198 2198 257 2263 pro
273 2166 495 2250 aic'B'tbmo'uo
508 2172 645 2246 πίπτςιν
659 2170 941 2263 οιοοίςυοιδίοιοιη
959 2196 1033 2239 esse
1047 2191 1143 2263 putat,
1153 2176 1190 2241 tn

79 2268 81 2273 ’
141 2276 306 2365 peccando
327 2273 360 2338 et
379 2296 439 2359 per
464 2283 631 2358 peccatum
650 2272 826 2357 pereundo.
874 2272 1002 2339 Laudat
1023 2285 1039 2342 1
1057 2278 1130 2346 Cor.
1143 2282 1182 2358 1⁰,

143 2386 195 2444 12.
222 2376 279 2441 ubi
302 2388 410 2439 tamen
436 2372 539 2438 verbe
565 2370 660 2437 aliter
678 2384 795 2437 sonant
823 2383 856 2437 et
878 2370 1014 2445 πίπτειν
1040 2381 1183 2468 signifiat

140 2478 291 2559 deficere.

226 2585 277 2641 12.
298 2574 442 2642 Affertur
462 2597 577 2641 caussa
591 2597 648 2639 cur
660 2576 790 2640 minime
808 2579 1003 2666 negligenda
1017 2584 1083 2646 sint
1099 2605 1135 2648 v..
1142 2586 1179 2647 11.

139 2681 270 2746 monita.
296 2679 360 2758 ζῶν
379 2677 444 2763 γαρ
463 2673 483 2742 ὁ
499 2675 597 2760 λόγος
613 2679 669 2743 τοῦ
686 2672 787 2758 Θεοῦ,
815 2680 875 2742 καὶ
891 2680 1040 2770 ἐνεργής]
1064 2684 1179 2765 effatus

137 2790 220 2848 cutm
232 2779 302 2844 Deo·
316 2778 492 2862 (minantis)
508 2790 651 2843 eventum
664 2777 760 2843 tabet
772 2789 806 2843 et
817 2778 1002 2858 efficaciam.
1046 2783 1124 2849 Sunt
1136 2780 1178 2868 qui

136 2902 251 2967 vocem
272 2878 290 2944 ὁ
309 2877 409 2963 λόγος
423 2879 483 2943 τοῦ
499 2877 583 2943 Θεοῦ
594 2879 633 2942 de
653 2877 781 2942 Christo
795 2882 1065 2966 interpretentur,
1092 2883 1176 2948 iubis

139 2983 211 3049 set.
231 2981 425 3059 Schmidtao,
446 2979 616 3059 Heinsius,
644 2979 795 3058 eternae,
822 2980 1001 3063 Cremerae,
1024 2983 1175 3051 Bertlold·

134 3093 187 3149 tuo
202 3086 237 3147 in
252 3081 486 3162 Etnlcttungo‘u
501 3081 532 3144 d.
547 3084 589 3145 A.
603 3079 692 3144 tnN.
713 3081 746 3146 Τ.
763 3079 826 3145 Th.
840 3085 871 3145 6.
892 3106 925 3169 p.
939 3091 1020 3153 2941
1038 3107 1103 3174 ssq.
1124 3080 1174 3159 set

133 3206 180 3248 ex
208 3181 252 3248 N.
279 3180 321 3247 Τ.
348 3178 560 3264 scriptoribus
585 3178 722 3244 Iohanni
754 3180 834 3245 haec
866 3183 1042 3270 appellatio
1074 3183 1184 3265 cunt·

131 3287 227 3370 priva
245 3304 283 3345 ac
297 3284 431 3367 propria
446 3292 511 3362 est,
533 3300 690 3366 nusquam
704 3279 852 3347 Christus
865 3287 900 3348 in
912 3285 973 3350 hac
988 3288 1124 3372 epistola
1139 3288 1174 3350 itu

131 3379 349 3468 nuncupatur,
384 3402 489 3468 neque
509 3381 585 3445 buic
611 3383 870 3467 interpretationi
895 3387 983 3451 favet
1009 3401 1172 3465 contextus,

130 3506 206 3548 nam
225 3487 259 3546 in
277 3479 539 3545 antecedentibus
554 3502 618 3544 nou
639 3480 679 3544 de
696 3479 827 3548 Christo
848 3508 954 3551 sermo
977 3493 1043 3570 ost,
1074 3474 1127 3554 sel
1142 3487 1172 3551 do

128 3581 398 3672 promissionibus
427 3593 461 3646 et
488 3582 786 3650 comminationibus
808 3586 926 3651 divinis
954 3609 985 3652 v.
1000 3596 1031 3671 3,
1054 3594 1086 3655 7.
1103 3599 1132 3671 4,
1149 3590 1173 3653 t.

130 3683 226 3761 Quod
246 3695 353 3748 autem
374 3682 493 3747 obiecit
511 3681 734 3764 Bertboldtuo,
766 3685 808 3749 ad
827 3685 887 3753 τόν
906 3684 1008 3774 λόγον
1028 3692 1089 3756 τοῦ
1105 3686 1175 3756 Θεοί

92 3830 97 3837 -
126 3787 298 3851 referenda
313 3805 387 3849 esse
401 3785 498 3846 etiam
508 3782 610 3846 verba
629 3804 660 3846 v.
676 3791 726 3847 12.
748 3783 860 3853 ultima
879 3785 1029 3875 κριτικὸς
1041 3784 1176 3876 intumi·

126 3909 209 3963 σιως
223 3888 281 3950 καὶ
294 3883 426 3951 ἐννοιῶν
440 3879 601 3967 καρδίας,
622 3895 654 3960 et
670 3882 771 3948 verba
786 3905 817 3947 v.
833 3893 883 3951 13.
907 3890 967 3952 καί
983 3888 1042 3956 οὐκ
1062 3887 1132 3958 ἔστι
1149 3910 1181 3959 ιι..

126 4010 156 4051 τ.
171 3988 203 4052 λ.
216 3991 263 4054 ita
276 4007 373 4065 vero,
404 3985 433 4046 si
450 4005 508 4067 per
522 3981 585 4050 τὸν
599 3981 701 4067 λόγον
717 3986 778 4050 τοῦ
794 3985 878 4053 Θεοῦ
894 3989 994 4055 effata
1007 3990 1075 4056 Dei
1091 3988 1177 4057 intel·

125 4085 282 4172 ligantur,
313 4087 457 4150 existere
470 4083 670 4169 hyperbolen
689 4083 901 4168 insolentem,
927 4091 1123 4179 minimeque
1136 4092 1179 4156 fe·

125 4186 274 4264 rendam3
304 4208 343 4254 eo
358 4207 453 4256 uerno
472 4183 570 4255 facile
587 4188 622 4255 iu
645 4188 837 4255 contrariam
851 4192 1044 4260 sententiam
1060 4216 1097 4261 se
1111 4215 1178 4282 per·
