2604 4746
343 232 665 362 cununxrv.
685 283 752 353 38
781 283 844 355 39.
867 284 929 354 40.
1088 256 1168 365 139

103 451 169 515 Sed
182 432 350 534 'pertinent
371 446 412 510 ad
426 466 561 532 eaquae
579 454 772 532 sequuntur,
799 442 865 538 'hoc
882 463 996 515 seusu:
1015 445 1166 512 homines
1226 466 1228 473 ⁸

97 550 151 621 ¹illi
165 551 287 634 pietate
305 559 337 611 et
354 547 434 611 fidei
453 549 634 611 constantia
655 547 814 630 insignes,
837 565 974 632 quornm
995 561 1166 612 cousuetu-

95 651 177 717 ⁴(line
201 662 237 713 ut
256 641 450 728 fruerentur,
471 646 662 733 quibuscum
676 649 711 709 in
727 646 929 713 eodemloco
945 661 1165 732 versarentur,

105 750 251 816 homines
263 749 491 834 impiiindigni
507 759 609 828 erant,
632 768 692 830 per
704 746 779 812 loca
793 746 933 831 deserta,
955 759 1085 812 montes
1103 762 1164 817 etc.

106 853 216 937 vagari
231 851 437 926 coactilerant
452 846 536 911 conf.
562 854 578 911 1
598 846 704 910 Macc.
721 852 750 929 1,
769 853 821 912 56.
844 855 877 927 2,
894 852 946 911 28.
979 845 1119 923 2Μιιοο,
1133 857 1164 934 5,
1206 880 1209 895 ‹

109 956 154 1015 27.
178 954 277 1030 6,.11.
318 946 387 1012 Α111
407 948 527 1031 respici
549 958 663 1031 putant
683 946 792 1012 Ellam
807 967 839 1011 v.
857 944 1098 1033 tRegg.·19,4
1113 974 1164 1041 sq.

109 1049 248 1134 lneptam
266 1059 361 1135 atque
386 1059 565 1113 contortam
582 1047 756 1134 Carpzoct'o'
776 1047 1086 1132 interpretationem,
1109 1056 1166 1137 qui

111 1147 185 1223 haec
199 1147 365 1213 verba-ad
382 1144 638 1234 κακουχούμενοι
656 1148 773 1227 refert,
795 1146 882 1211 hunc
902 1149 941 1209 in·
953 1150 1097 1218 modurn:
1120 1144 1166 1224 ὧν

115 1252 165 1317 scl.
179 1250 291 1315 κακῶν
305 1246 536 1335 (corroboras,
559 1249 731 1335 θλίψεων)
747 1248 809 1323 οὐκ
822 1238 863 1332 ἦν
882 1243 980 1327 ἄξιος
995 1249 1015 1316 ὁ
1023 1312 1026 1317 ,
1039 1249 1166 1338 κόσμος

116 1373 235 1440 puerum
264 1352 413 1433 indignor
442 1353 595 1416 malornm
622 1361 692 1411 erat
717 1349 874 1430 mundus,
896 1351 984 1416 ,satis
998 1352 1165 1421 ..refutavit

119 1453 278 1521 cromerus
293 1450 336 1513 ad
350 1449 380 1515 h.
397 1449 420 1516 l.
435 1446 604 1531 σπήλαιον
618 1447 785 1534 spelunca,
809 1450 901 1533 rupis
915 1448 1033 1537 hiatus.
1054 1452 1171 1538 Hesp-k

119 1554 210 1618 thius:
229 1549 408 1633 entitatos,
424 1549 555 1637 ἄντρον.
575 1549 713 1635 Repleta
726 1562 797 1616 erat
811 1548 998 1615 Palaestina
1016 1560 1165 1622 cavernis
1216 1634 1219 1641 Ι

119 1653 324 1719 subterraneis
344 1662 376 1713 et
397 1650 562 1735 speluncis
584 1653 757 1731 montium,
787 1672 867 1738 quas
894 1653 990 1716 etiarn
1018 1664 1165 1740 ternpore

118 1751 183 1819 belli
190 1751 304 1816 Iudaei
318 1752 481 1835 fugientes
494 1765 606 1837 petere
619 1751 768 1818 solebant
781 1752 847 1815 vid.
862 1752 903 1815 ad
914 1750 1031 1823 Motth.
1046 1760 1098 1836 24,
1113 1760 1165 1822 16.

188 1859 241 1919 39.
262 1857 316 1916 40.
337 1849 434 1915 Mens
455 1864 551 1937 atque
577 1854 737 1931 sententia
756 1854 923 1939 scriptoris
944 1851 1025 1920 haec
1047 1865 1112 1933 est:
1129 1857 1166 1923 hi

121 1976 218 2019 omues
238 1974 374 2040 quorum
389 1951 472 2016 fides
488 1952 681 2033 celebratur,
695 1965 846 2018 eventum
859 1955 1085 2039 promissionis
1101 1978 1166 2022 non

119 2057 266 2134 viderunt,
282 2074 355 2116 *non
371 2054 449 2117 facti
465 2065 539 2116 sunt
554 2057 643 2118 cives
658 2056 753 2140 regni
774 2040 939 2134 coelestis,
961 2056 1166 2146 quodfChri·

120 2167 185 2237 stus,
205 2159 240 2242 in
260 2153 325 2218 fine
347 2154 470 2234 mundi,
490 2157 652 2219 revocatis
676 2157 711 2218 in
735 2155 835 2218 vitam
861 2157 997 2219 mortuis
1020 2177 1052 2219 v.
1066 2163 1118 2223 35.
1133 2169 1166 2222 et

118 2255 223 2322 iudicio
238 2254 348 2320 habito
366 2258 548 2336 constituet,
571 2257 713 2321 nondum
728 2253 870 2319 assecuti
886 2266 960 2318 sunt
977 2253 1176 2323 beatitatem.

118 2375 279 2436 summam,
303 2377 397 2441 quam
418 2358 452 2418 in
472 2377 574 2441 regno
595 2354 764 2431 Messiano
785 2375 822 2419 se
839 2365 1070 2427 consecuturos
1091 2380 1166 2423 esse

117 2461 337 2541 speraruntll,
355 2461 404 2520 10.
421 2462 472 2521 13.
488 2460 537 2519 16.
559 2477 600 2520 ne
619 2457 693 2520 sine
706 2453 800 2518 nobis
814 2453 959 2539 perfecta
973 2467 1006 2519 et
1018 2477 1166 2523 consum-

115 2570 189 2623 nata
206 2554 360 2621 felicitate
375 2556 571 2639 fruerentur,
593 2570 629 2620 ut
648 2577 709 2621 nos
729 2576 841 2619 eorum
857 2552 936 2619 fidei
957 2559 1167 2646 constantiam
1246 2559 1252 2575 “

114 2656 265 2737 imitantes
288 2667 321 2733 et
340 2655 550 2739 aemulantes,
571 2679 636 2721 una
658 2678 730 2721 cnm
753 2658 795 2719 iis
815 2655 986 2725 ,beatitatis
1011 2659 1165 2744 inregno

113 2755 274 2828 Messiauo
291 2758 533 2843 exspectandae
549 2760 723 2845 participes
737 2755 955 2820 redderemur.
996 2755 1035 2822 In
1057 2758 1167 2823 vorbis

112 2850 163 2927 ἵνα
177 2858 227 2947 μή
238 2860 342 2945 χωρὶς
356 2857 447 2943 ἡμῶν
461 2858 666 2935 trittenheim
680 2854 873 2941 metaphora
889 2856 1036 2945 desumto
1055 2870 1116 2939 est,
1132 2871 1168 2922 ut

111 2960 159 3027 rel
175 2961 256 3025 satis
272 2971 383 3043 aperte
398 2959 513 3022 docent
531 2980 581 3039 ea,
602 2979 685 3044 quae
705 2963 757 3040 12,
773 2965 802 3022 1.
819 2965 852 3021 2.
872 2954 1043 3042 leguntur,
1057 2981 1077 3022 a
1092 2981 1167 3023 cur,-

109 3061 260 3127 scribus'
250 3080 284 3139 m
296 3059 412 3140 stadio,
435 3061 492 3147 qui
511 3079 609 3139 cursu
630 3076 803 3141 prospere
799 3056 965 3138 conlecto,
988 3060 1169 3176 praemium

106 3172 274 3251 reportant
294 3161 334 3225 cf.
363 3166 430 3226 not.
451 3160 496 3224 ad
517 3166 550 3241 2,
578 3164 628 3223 10.
676 3156 859 3222 Praemium
882 3158 968 3243 quod
992 3157 1043 3222 illi
1064 3161 1113 3245 pii
1135 3171 1168 3224 et

105 3273 293 3331 constantes
312 3260 378 3325 Dei
400 3242 542 3326 cultores
566 3228 706 3329 nondum
728 3269 929 3343 reportasse
935 3256 1094 3340 dicuntur,
1118 3272 1168 3325 est

102 3360 290 3448 ἐπαγγελία
304 3382 336 3425 v.
354 3366 406 3429 39.
428 3374 619 3434 memorata3
641 3359 704 3424 hoc
718 3356 928 3423 vocabuloh.
943 3355 1025 3423 but
1037 3361 1170 3461 saepius

102 3466 198 3533 dere
218 3464 378 3548 promissa
394 3460 552 3543 adhibito,
575 3461 733 3525 indicatur
754 3457 902 3541 beatitas
915 3472 1040 3547 summa
1059 3461 1095 3522 in
1115 3481 1169 3524 re-

101 3588 172 3655 gno
187 3556 356 3633 Messiano
378 3563 610 3646 exspectanda,
631 3572 727 3647 atque
747 3559 830 3623 adeo
856 3579 973 3631 sensus
993 3557 1170 3625 verborum

103 3681 175 3733 est.
203 3675 240 3727 ut
262 3660 431 3728 nobiscum
453 3662 494 3727 ad
516 3661 648 3747 plenam
670 3674 703 3725 et
726 3660 903 3747 perfectam
923 3652 1144 3724 felicitatern'
1133 3681 1169 3723 ιιι

102 3768 232 3835 Christi
247 3785 348 3848 regno
365 3762 501 3837 coelesti
518 3762 720 3848 perveniant.
744 3759 878 3847 Neque
899 3759 975 3823 huic
994 3756 1169 3824 verborum

101 3865 320 3955 explicationi
336 3864 524 3942 adversatur
537 3863 630 3927 locus
650 3868 700 3941 12,
715 3866 775 3942 23.
791 3858 840 3939 ibi
860 3861 946 3935 enim
963 3858 1171 3944 cetriscwps'·

99 3994 157 4038 νοι
180 3967 310 4032 omnino
334 3963 482 4028 (licuntur
503 3965 539 4045 ii,
561 3966 617 4050 qui
634 3964 720 4027 vitae
745 3982 841 4024 cursu
863 3959 1003 4027 feliciter
1024 3970 1169 4045 peracto,

99 4069 238 4139 virtutis
251 4067 426 4153 praemium
441 4063 605 4143 consecuti
622 4073 706 4143 suut,
728 4061 770 4126 ad
780 4059 970 4127 felicitatem
991 4056 1169 4133 coelestem

101 4177 340 4275 pervenerunt,
357 4164 454 4259 beati.
469 4164 563 4274 Pro
586 4159 649 4246 τήν
670 4158 950 4328 laoyysit'wrip.
944 4156 1170 4261 ‚nonnullislb
