2604 4746
462 303 628 416 Cabur
658 305 688 379 Ι.
724 329 760 413 ν.
787 294 842 380 3.’
1120 315 1166 392 11

121 470 241 558 νάμεος,
258 470 322 537 red
335 471 381 535 ad
392 472 473 537 haee
484 463 789 556 οοοίοοοωρἡματι
804 469 861 547 τῆς
876 463 1055 560 δυνάμεως,
1073 494 1167 559 prae·

119 572 239 640 ieronda.
252 572 363 657 igitur
381 585 430 637 est
451 571 549 637 lectio
575 568 683 638 αὐτοῦ.
727 570 865 658 Saepius
883 585 1054 659 praeterea
1071 578 1168 641 etiam

119 672 202 740 edroi
214 684 248 738 et
256 669 377 761 adacti
389 671 563 737 alibrariia
580 676 663 736 inter
677 693 713 737 re
726 685 904 758 ponnutato
916 687 990 738 aunt
1008 696 1039 738 v.
1052 696 1112 740 noa
1125 676 1167 740 ad

118 774 201 840 ttae.
213 779 245 856 5,
262 777 321 840 26.
344 783 379 838 et
394 771 559 839 Irniookt'r‘
575 772 676 837 index
693 771 736 836 ad
756 770 892 837 Herodi.
912 772 953 839 Τ.
973 781 1003 841 5.
1022 784 1165 863 prore.

117 876 379 960 -Posteaquam
398 871 555 959 epistolae
570 873 716 939 conditor
735 878 994 940 commemoravit
1006 901 1062 963 oa,
1085 901 1167 965 qnae

116 975 209 1041 indaei
220 977 294 1062 ipsi
306 975 351 1040 de
366 973 493 1040 Massia
503 971 743 1059 praedicabant,
762 973 844 1039 haec
856 974 1009 1042 hactenns
1022 983 1167 1044 enuntia·
1190 1022 1193 1027 .

115 1078 185 1142 aad
204 1077 324 1143 lesum
338 1073 498 1140 Mersiam
515 1074 685 1138 referenda
710 1096 801 1159 erae,
826 1075 939 1142 verbio
962 1075 1167 1146 electissimis

115 1177 202 1242 docet.
247 1177 339 1243 Cum
353 1177 439 1242 enim
451 1175 620 1240 ostendere
634 1175 751 1259 vellet,
772 1175 935 1243 Chr-iatum
953 1200 1027 1244 esre
1042 1182 1168 1267 angelis

114 1279 318 1364 superiorem,
341 1279 399 1364 qni
409 1289 516 1341 tamen
527 1275 579 1340 hia
591 1278 626 1341 in
637 1279 732 1343 terrie
746 1277 789 1340 iia
800 1276 898 1343 fuerit
911 1279 1057 1362 inferior,
1076 1285 1168 1368 quip-

113 1401 144 1464 po
160 1378 314 1444 mortalia
326 1378 450 1459 factus,
474 1389 507 1442 et
525 1389 659 1442 mortem
676 1388 846 1463 expertus,
869 1400 890 1443 a
901 1400 965 1465 qua
981 1381 1168 1467 angelorum

114 1480 384 1544 noturaimmunis
398 1480 453 1552 οἰκ
475 1479 536 1544 hoo
554 1497 619 1541 non
636 1475 793 1542 lectorum
811 1475 914 1543 oculis
931 1484 1082 1566 exponit,
1109 1484 1168 1548 aed

114 1578 301 1645 beneficium
314 1579 404 1665 qnod
417 1578 547 1644 Christo
565 1576 719 1642 debemus
737 1592 971 1644 commemorat.
1014 1582 1064 1648 Ita
1081 1587 1168 1650 enim

115 1682 220 1767 pergit:
244 1679 295 1746 δι’
306 1677 433 1745 ἑαυτοῦ
445 1676 668 1764 καθαρισμὸν
678 1675 903 1765 πονησάμενος
919 1686 985 1748 τῶν
995 1672 1167 1770 ἁμαρτιῶν

116 1777 203 1870 ἡμῶν]
233 1788 434 1869 captatione
455 1789 660 1869 peccatorum
684 1789 864 1847 rostrorum
884 1803 947 1868 per
969 1793 1167 1872 σκάφεσιν

117 1893 256 1968 peada:
284 1880 510 1970 καθαρισμὸν
520 1881 697 1948 πονεῖσθαι
710 1903 737 1945 τ.
750 1876 784 1944 οἱ.
796 1883 883 1946 idem
895 1880 982 1947 volet
995 1887 1080 1970 qnod
1092 1885 1167 1951 ἱλά.

121 1987 252 2050 merdae
267 1983 336 2060 τοὶς
348 1978 514 2068 ἁμαρτίας
526 1988 615 2063 2,17.
649 1981 688 2047 ln
700 1982 851 2045 versione
864 1981 1087 2050 Alexandrina
1097 1987 1167 2052 lob.

123 2086 196 2163 tet.
216 2083 409 2171 respondet
428 2082 610 2149 Hebraicae
635 2080 792 2148 formulae
811 2084 927 2174 timp
947 2088 1169 2183 π’ξξῃνοοοο

131 2199 186 2252 mt:
204 2182 308 2254 διατί
319 2184 384 2250 οὐκ
397 2181 540 2264 ἐποιήσω
555 2184 618 2264 τῆς
635 2178 778 2270 οἷνομίος
795 2205 860 2269 μου
877 2183 1009 2268 λήθην,
1033 2191 1092 2253 καὶ
1110 2210 1169 2254 κα·
1211 2271 1216 2280 Ι

85 2282 89 2287 ’
132 2283 285 2375 boanda
310 2285 372 2365 τῆς
389 2280 533 2370 ἀνομίας
551 2305 630 2371 μου,
658 2283 784 2368 Nomen
802 2285 1022 2372 καθαρισμὸν
1039 2292 1169 2375 proprie
1193 2312 1196 2317 ·

128 2401 280 2475 mrpatur
300 2388 345 2452 de
362 2387 553 2472 purgatione
573 2384 708 2477 physica
725 2407 756 2450 v.
776 2385 845 2451 loh.
859 2394 889 2468 2,
903 2392 933 2452 6.
956 2386 1035 2454 Luc.
1052 2398 1102 2473 11,
1116 2397 1168 2459 39.

122 2483 249 2555 Hebraei
263 2501 377 2554 autem
389 2499 522 2572 peccata
534 2507 718 2572 comparare
732 2486 879 2552 solebant
890 2488 962 2552 o'nm
974 2481 1123 2555 sordibus
1136 2505 1170 2556 et

119 2588 361 2677 inquinamentis
371 2589 532 2673 corporio;
545 2585 830 2675 Ιιίοοκαθοιρίζειν
842 2603 875 2652 et
883 2587 1099 2676 καθαρισμὸς
1110 2615 1170 2678 per
1253 2669 1257 2678 ¹

117 2691 331 2777 metaphoram
350 2691 390 2753 de
408 2688 600 2753 liberatione
619 2711 640 2753 a
657 2701 860 2774 peccatorum
883 2711 989 2775 poena
1010 2706 1170 2776 ponuntur

116 2790 202 2855 ars.
216 2797 275 2873 51,
286 2801 321 2858 4.
344 2776 447 2854 Hebe.
461 2799 542 2858 nan.
568 2787 622 2853 Po.
637 2794 688 2870 νο,
703 2797 836 2873 tanet.
860 2790 924 2855 Sir.
938 2797 989 2871 ea,
1003 2797 1034 2854 a
1057 2793 1169 2857 eree.

117 2897 140 2972 1,
150 2897 184 2956 9..
203 2906 240 2958 et
259 2892 296 2957 h.
314 2891 341 2957 1.
355 2902 391 2955 nt
405 2890 486 2954 adeo
502 2909 617 2954 sensns
630 2891 685 2954 sit:
705 2902 908 2976 peccatorum
927 2893 1055 2956 veniam
1075 2893 1171 2958 nobie

113 2994 315 3073 conciliavit,
340 3002 373 3055 et
391 2990 521 3077 quidem
538 2985 581 3055 δι’
592 2985 714 3056 ἑαυτοῦ
726 2991 758 3054 b.
773 3013 802 3054 e.
815 3005 917 3056 morte
930 3013 1004 3066 sua;
1026 2995 1073 3055 ita
1085 2997 1170 3059 enirn

106 3095 174 3178 'ipre
186 3091 359 3180 epistolae
373 3103 483 3155 auctor
494 3090 576 3156 hanc
589 3088 757 3156 formulam
771 3095 998 3179 interpretatur
1011 3105 1061 3156 eat
1073 3100 1105 3176 9,
1121 3104 1171 3161 12.

68 3208 70 3241 ³
113 3194 165 3259 dui
178 3191 241 3262 τοῦ
258 3189 349 3258 ἰδίου
362 3184 518 3277 αἵματος.
540 3187 800 3277 Theopbylaotus
815 3205 848 3258 et
861 3192 1094 3261 Oeeumenins:
1114 3196 1171 3261 ὃνοὶ

111 3297 164 3362 τοῦ
174 3290 335 3379 σταυροῦ
349 3293 409 3356 καὶ
421 3291 483 3356 τοῦ
491 3286 657 3358 θανάτου.
697 3291 826 3358 Desunt
837 3294 938 3359 verba
950 3293 994 3360 δι’
1008 3292 1127 3362 ἑαυτοῦ
1138 3301 1172 3362 in
1291 3360 1296 3370 ,

115 3396 197 3460 codd
212 3390 404 3473 nonnullis,
417 3392 476 3457 aed
488 3392 618 3477 plurimi
629 3404 662 3457 et
675 3399 814 3481 optimae
829 3408 923 3461 notae
935 3394 1013 3460 libri
1025 3419 1065 3462 ea
1078 3399 1172 3463 exhi-

116 3495 192 3579 bent,
216 3509 252 3561 et
266 3493 380 3560 addita
392 3505 467 3558 aunt
480 3516 499 3558 a
512 3495 687 3578 scriptore,
709 3517 773 3582 quo
785 3498 939 3563 maiorem
957 3500 1023 3563 vim
1036 3503 1174 3564 orationi

117 3598 311 3663 conciliaret.
355 3592 534 3658 Pronomen
547 3606 654 3660 autem
665 3593 772 3681 ἡμῶν,
794 3598 880 3683 qnod
897 3598 989 3664 multi
1007 3613 1173 3685 praestan-

117 3700 226 3763 terimi
247 3695 343 3760 codd.
364 3692 475 3780 plures
493 3717 596 3760 versa.
612 3709 649 3764 ,ot
666 3699 946 3783 patu-omittunt,
966 3710 999 3761 et
1011 3697 1173 3784 improba-

119 3797 342 3873 rintMr’llr'ue,
363 3794 549 3878 Bergelinr,
574 3797 813 3877 detestantem,
836 3798 904 3881 alii,
925 3781 1175 3884 expungendum

121 3893 395 3963 οοοέκοὶθισενέν
406 3891 499 3985 δεξιᾷ
509 3899 570 3978 τῆς
581 3895 861 3983 μεναλωούνηςὲν
871 3898 1028 3984 ὑψηλοῖς]
1042 3903 1174 3968 addex-
1206 3978 1209 3983 ‚
1240 3986 1242 3990 Α

123 4009 198 4066 trono
215 4003 399 4064 metatui
411 3999 537 4063 θοίναν
549 4006 584 4066 tn
596 4003 683 4065 coelo
695 4004 847 4070 concedet.
869 4001 988 4067 Paulus
1002 4001 1043 4066 ad
1055 4001 1175 4088 prea.

125 4106 149 4178 1,
160 4105 211 4165 to.
225 4100 267 4163 de
281 4097 378 4164 Patre
390 4095 515 4164 scribit:
538 4101 595 4165 καὶ
610 4096 773 4178 ἐκάθισεν
798 4101 987 4189 (Christum)
1010 4106 1176 4172 collocavit

127 4219 194 4287 aa,
216 4199 253 4268 ἐν
266 4194 362 4294 debe}
375 4199 480 4270 αὑτοῦ
493 4199 526 4270 ἐν
541 4203 611 4280 τοῖς
628 4198 842 4292 ἐπουρανίοις.
887 4204 953 4272 Sed
965 4205 996 4273 h.
1011 4203 1034 4272 1.
1046 4218 1081 4272 ut
1093 4207 1178 4274 infra
1225 4259 1228 4266 .
