2604 4746
358 292 523 369 Carus
549 291 597 369 X.
634 315 671 369 v.
691 297 757 367 29.
783 272 845 368 30.
871 300 932 369 31.
1108 301 1180 372 375

128 481 182 526 rum
203 469 316 525 nactus
340 472 390 523 est
412 461 452 524 ei.
475 479 507 523 v.
531 465 581 523 10.
605 466 658 524 22.
681 462 733 521 26.
749 468 782 520 et
796 469 863 523 not.
880 458 920 522 ad
936 464 967 540 9,
984 469 1035 526 14.
1059 459 1118 526 καὶ
1134 457 1175 528 τό

128 565 235 644 πνεῦμα
253 555 315 638 τῆς
326 558 468 646 χάριτος
484 556 676 644 ἐνυβρίσας]
698 567 730 622 et
746 557 903 643 Spiritum
922 558 992 626 Der·
1010 561 1175 644 benignum

127 663 298 727 contumelio
319 659 467 743 afficiunt
479 656 512 721 h.
530 681 558 722 e.
577 670 608 721 et
633 657 775 741 Spiritus
800 660 902 724 divini
925 661 1010 725 dona
1033 661 1173 748 benigne

126 761 226 824 tributa
245 758 477 824 contumeliose
493 759 673 844 repudiant.
717 755 846 823 Etenim
869 763 924 847 qui
940 760 971 825 h.
985 760 1008 825 l.
1024 763 1173 827 dicuntur
1196 818 1199 823 .

124 856 241 979 ἕννβοίζ
243 880 306 939 ειν,
327 860 362 939 ii,
380 863 460 938 uto,
475 868 506 924 4.
528 857 659 944 legitur,
680 857 757 922 facti
773 870 865 923 erant
879 859 1012 946 μέτοχοι
1025 862 1172 945 πνεύμα-

122 985 164 1036 τος
152 956 284 1043 ςάγίον,
304 959 352 1040 ibi
364 972 469 1023 autem
487 967 568 1041 ut2,
584 969 616 1023 4.
639 959 767 1043 πνεῦμα
781 955 879 1044 ἅγιον
900 961 1023 1024 1ndrcat
1035 960 1170 1026 faculta

122 1076 159 1126 tes
175 1074 204 1126 et
217 1062 365 1140 virtutes,
389 1081 472 1146 quae
485 1058 669 1124 hominibus
682 1079 742 1143 per
757 1060 950 1148 religionem
964 1062 1171 1126 christianam

121 1165 260 1227 divinitus
283 1163 472 1246 contingunt
490 1159 532 1222 cf.
551 1161 637 1241 ad2,
651 1170 683 1224 4.
698 1171 818 1225 notata.
861 1160 956 1226 Hanc
977 1164 1170 1245 interpreta-

120 1268 225 1331 tionem
243 1273 440 1347 anteponere
459 1281 525 1348 'non
541 1260 659 1325 dubito
682 1282 794 1326 eorum
816 1265 1012 1345 sententiae,
1035 1264 1090 1350 qui
1110 1284 1170 1347 per
1231 1301 1233 1313 ·

99 1359 238 1446 πνεῦμα
261 1357 359 1445 ἅγιον
380 1359 573 1445 religionem
596 1360 819 1443 christianam,
852 1385 936 1450 quae
957 1373 1005 1426 tot
1027 1377 1060 1435 et
1079 1375 1169 1428 tanta

118 1468 264 1553 promissa
280 1476 314 1526 et
329 1460 495 1525 commoda
510 1460 659 1525 adiuncta
674 1461 804 1544 habeat,
825 1462 1071 1548 intelligendam
1092 1484 1167 1527 esse

119 1576 247 1630 censent.
290 1561 437 1627 Verbum
453 1556 634 1647 ἐνυβρίζειν
650 1562 828 1647 significat:
851 1568 1042 1643 contumelia
1058 1563 1168 1644 office·

108 1664 395 1747 recemundum
421 1669 572 1729 tractare
590 1662 623 1725 h.
645 1659 668 1726 l.
687 1667 911 1731 contumeliose
935 1669 1109 1752 repudiare
1136 1676 1182 1728 et·
1216 1696 1220 1702 ·

117 1769 189 1831 ilem
207 1764 295 1833 valet
310 1762 397 1849 qnod
417 1758 576 1846 ὑβρίζειν.
621 1761 826 1826 construitur
851 1762 882 1825 h.
897 1762 920 1826 l.
943 1787 1015 1829 cum
1035 1786 1167 1829 accusa-

117 1871 182 1950 tivo,
204 1881 239 1933 ut
253 1887 304 1950 ap.
319 1861 448 1947 Ioseph.
462 1861 538 1927 Ant.
554 1869 585 1944 5,
601 1870 631 1928 8.
651 1869 700 1925 12.
723 1855 811 1938 ὅπως
825 1860 1039 1948 ἐνυβρίσωσιν
1059 1858 1168 1931 ἀὐτόν

117 1968 195 2055 παρά
215 1966 276 2033 τὸν
297 1963 404 2029 πότον
424 1974 461 2029 ut
476 1971 609 2040 eic'nter
625 1966 866 2049 compotandum
878 1965 1070 2046 illudereut;
1093 1986 1165 2029 oum

116 2071 211 2151 dativo
226 2064 301 2132 Aul.
317 2065 361 2133 Η.
377 2063 421 2129 V.
437 2072 469 2146 9,
487 2071 518 2130 8.
542 2066 599 2129 καὶ
615 2061 739 2144 ἀνέδην
753 2063 874 2138 αάταῖς
887 2050 1061 2154 ἐνύβριζον
1076 2060 1167 2128 πάν-

116 2192 178 2246 τις·
195 2190 267 2233 cum
279 2169 522 2252 praepositione
546 2161 594 2241 εἷς
616 2165 748 2250 Ioseph·
763 2164 840 2229 Ant.
860 2173 889 2245 1,
904 2173 934 2228 1.
946 2175 978 2230 4.
999 2163 1057 2229 ubi
1072 2163 1165 2226 Deus

115 2272 335 2339 annuariam:
356 2267 416 2347 νῦν
427 2261 497 2333 ’δ’
470 2288 517 2340 εις
529 2262 657 2344 ταύτην
670 2288 734 2350 μον
750 2264 817 2347 τήν
826 2259 961 2356 χνάμην
974 2261 1166 2350 ἐνύβρισας,

114 2365 322 2463 παρακούσας
337 2367 401 2433 τῶν
413 2365 497 2451 ἐμῶν
509 2365 657 2432 ἐντολῶν

175 2480 234 2544 30.
257 2477 309 2536 31.
331 2469 475 2553 οἱδαμεν
491 2464 559 2553 peip
572 2463 632 2532 τὸν
641 2461 785 2537 εἰπόντα
801 2476 943 2536 nouimus
956 2489 1045 2548 eum,
1063 2486 1164 2554 quan-

113 2591 155 2641 tus
173 2574 230 2638 ille
253 2574 310 2654 sit,
322 2591 425 2658 quam
446 2580 574 2654 potens,
595 2571 711 2649 iustus,
735 2589 872 2635 severus
896 2584 929 2638 et
948 2591 1053 2635 verax
1067 2589 1100 2631 v.
1111 2570 1175 2641 27..

112 2683 157 2741 31.
171 2681 221 2754 37.
243 2680 299 2760 qui
310 2671 390 2737 haec
398 2675 637 2756 pronuntiauit.
681 2666 754 2744 Quo
771 2672 927 2736 maiorem
942 2674 1008 2734 rim
1022 2680 1054 2759 et
1071 2669 1166 2751 vigo-

113 2801 172 2842 rem
190 2773 330 2839 orationi
347 2770 533 2835 conciliaret
552 2772 702 2854 scriptor,
717 2790 835 2834 nomen
850 2769 915 2834 Dei
929 2772 1068 2835 reticuit.
1091 2767 1165 2851 ἐμοὶ
1242 2802 1245 2809 -

113 2874 281 2957 ἐκδίκησις,
302 2870 365 2957 ἕνα)
376 2868 604 2938 ἀνταποδώσω
619 2892 690 2937 mea
704 2879 755 2936 est
766 2876 928 2953 uindicta,
950 2893 1008 2955 ego
1026 2873 1164 2936 ι’τάακίοα
1252 2853 1255 2859 ’

111 2984 251 3053 ulciscur.
294 2970 461 3056 Laudatus
476 2986 525 3042 est
543 2973 635 3038 locus
651 2971 750 3036 Dent.
764 2978 816 3054 32,
832 2978 883 3038 35.
907 2972 966 3037 sed
985 2961 1069 3059 quae
1091 2966 1124 3031 h.
1140 2966 1163 3030 l.

112 3078 266 3165 leguntur,
288 3094 392 3161 neque
409 3094 481 3138 cum
496 3086 589 3139 textu
602 3072 779 3152 Hebraico,
801 3093 906 3157 neque
922 3093 994 3135 cum
1013 3070 1164 3134 versione

114 3178 232 3246 Graeca
247 3176 333 3241 omni
349 3196 394 3238 ex
409 3185 501 3258 parte
515 3174 727 3239 consentiunt.
768 3171 878 3236 Nam
868 3188 903 3235 rn
914 3182 1007 3236 textu
1023 3167 1164 3234 Hebrai-

116 3302 147 3343 co
160 3278 293 3371 legitur:
316 3268 398 3365 ubil]
420 3286 479 3362 hp:
501 3267 536 3360 ἦ
557 3275 635 3340 mite·
649 3273 790 3338 tertullio
807 3282 842 3338 et
856 3271 1042 3340 retributio.
1083 3267 1164 3333 Ale-

116 3380 260 3444 xandrini
288 3388 401 3439 autem
416 3377 608 3461 interpretes
635 3373 771 3438 liberius
791 3383 970 3439 verterunt.
1001 3370 1036 3438 ἕν
1055 3367 1165 3456 ἡμέρα

116 3478 301 3557 ἐκδικήσεως
313 3471 550 3539 ἀνταποδώσω.
592 3475 780 3539 Lectionem
799 3483 910 3537 textus
925 3472 1083 3538 Hebraici
1095 3469 1163 3534 sol·

116 3579 232 3647 licitare
250 3591 372 3643 temere
389 3578 494 3640 annisi
513 3589 586 3639 sunt
603 3575 740 3660 Coppell
737 3577 821 3640 usin
836 3571 915 3639 Crit.
931 3573 965 3638 S.
988 3596 1021 3659 p.
1035 3577 1107 3637 656.
1132 3582 1164 3635 et

120 3683 253 3746 Petreius
263 3700 295 3744 v.
308 3677 480 3742 Michaelis
497 3677 538 3740 ad
552 3680 658 3743 Per‘rc.
679 3691 712 3741 et
732 3677 907 3741 Roseumu'l
892 3675 1023 3741 llerue
1013 3695 1048 3736 m
1062 3669 1164 3736 Scho-

119 3779 166 3844 liis
178 3781 220 3844 ad
234 3779 331 3842 Dent.
345 3776 369 3840 l.
383 3776 407 3840 l.
428 3778 550 3842 lisdem
564 3777 674 3842 verbis
689 3776 787 3841 etiam
805 3757 927 3840 Paulus
945 3774 1052 3839 locum
1067 3771 1171 3846 Dent.

123 3884 227 3946 citavit.
270 3877 416 3963 Uterque
442 3899 573 3959 sensum
593 3880 768 3961 expressit.
810 3877 960 3944 Beiluuius
984 3877 1167 3960 suspicatur

126 3980 267 4064 epistolae
291 3988 421 4043 nostrae
443 3991 605 4042 auctorem
626 3978 708 4042 haec
731 3976 834 4042 verba
850 4000 895 4042 ex
916 3975 1012 4041 Pauli
1029 3974 1084 4040 vel
1110 3996 1167 4039 ore

129 4084 253 4166 saepius,
274 4078 329 4145 vel
352 4079 471 4163 scripto
495 4080 677 4162 accepisse,
695 4089 728 4142 et
749 4077 817 4145 fida
837 4080 993 4142 memoria
1012 4078 1169 4151 tenuisse,

131 4196 188 4246 tum
210 4179 291 4250 alibi
316 4201 474 4269 nusquam
497 4183 531 4247 iu
551 4176 592 4244 N.
616 4177 658 4244 T.
681 4177 779 4249 libne
794 4181 936 4266 repetita
957 4179 1171 4273 inveniantur.
