2632 4740
152 299 226 369 126·
456 289 614 367 Carus
640 292 710 367 IV.
744 268 782 368 ι.
809 299 909 369 8-10.

150 461 232 522 situs
261 470 311 523 est
337 478 397 544 pro
419 455 734 545 plusquamperfecto
761 468 796 519 ut
822 457 893 523 Iob.
912 461 964 537 15,
987 457 1049 539 211*
1086 466 1141 542 18,
1165 465 1211 527 24.

148 558 265 625 Matth.
287 562 340 638 26,
359 563 411 623 24.
434 555 559 624 ἔδωκέν
573 555 689 634 αὐτοῖς
706 559 865 644 σημεῖον,
885 557 991 641 λέγων
1005 570 1067 649 etc.
1108 548 1211 625 silo

149 681 210 724 sua
223 658 264 722 ad
275 678 387 722 veram
400 659 553 744 quietem,
573 657 763 724 felicitatem
776 679 834 723 eos
845 657 1068 745 perduxisset,
1090 679 1160 725 non
1174 657 1211 724 de

99 792 114 819 a
149 758 213 824 alio
228 770 373 845 tempore
384 771 500 845 postea
512 757 605 824 Deus
618 758 745 825 locutus
759 758 886 824 fuisset.

147 967 296 1045 orporea
312 965 414 1042 ιςιιια
430 962 552 1044 populo
572 959 643 1026 Des
659 959 854 1026 saddotil
796 980 839 1025 ce
839 958 996 1038 fabretto,
1030 957 1198 1025 laetissima

148 1063 258 1149 quies,
280 1080 429 1145 sperare
450 1070 559 1145 potest
578 1058 767 1127 felicitatem
789 1060 930 1124 futuram
954 1080 1111 1125 summam
1132 1078 1196 1122 ear·

79 1172 81 1177 “
139 1162 284 1249 demque
300 1171 502 1246 perpetuam.
530 1157 768 1247 σαββατισμὸς
784 1160 871 1224 idem
891 1159 979 1226 velet
997 1147 1087 1249 qnod
1103 1154 1192 1224 cart

44 1339 48 1347 ¹
145 1282 285 1341 πασσις,
311 1259 489 1350 respondet
511 1259 680 1344 vocabulis
702 1259 805 1325 Hebr.
826 1259 920 1350 tunm,
945 1258 1052 1349 1113,ιὲ
1077 1271 1121 1324 et
1134 1256 1190 1325 tod-

145 1363 219 1429 bota’
227 1359 470 1429 celebratam
488 1337 620 1424 indicat
669 1358 756 1437 Quia
774 1372 881 1427 autem
897 1360 1011 1429 ludaei
1027 1358 1202 1427 sabbatus
1205 1386 1211 1439 ¹.

1 1441 3 1446 ’
34 1524 37 1529 ,
144 1459 314 1528 laboribus
337 1456 524 1541 cessabant,
552 1480 627 1526 sese
647 1462 714 1526 otio
741 1472 774 1524 et
793 1458 951 1527 hilaritati
971 1460 1092 1526 dabant
1110 1458 1211 1555 (undoqf

145 1560 244 1627 etiam
254 1560 325 1624 dies
341 1556 468 1623 sabbati
482 1555 578 1640 ἡτῆς
589 1558 833 1638 καταπαύσεως
845 1561 954 1649 ἡμέρα
965 1560 1187 1646 2Maco.15‚·
1204 1592 1211 1611 ·¹

144 1664 272 1742 dicitur,
288 1671 321 1724 et
333 1655 544 1726 καταπαύειν
558 1659 624 1727 Ex.
641 1667 694 1744 34,
700 1667 758 1726 21.
779 1673 815 1725 ιιι
828 1660 1060 1749 σαββατίζειν
1074 1662 1136 1728 Ex.
1148 1664 1208 1742 tt,

143 1770 204 1831 30.·
219 1762 259 1826 de
273 1759 458 1840 hominibus
480 1758 649 1824 sabbatum
664 1760 905 1829 celebrantibus
921 1765 1082 1850 ponitur),
1109 1775 1211 1853 atquc

69 1942 72 1947 Ι
143 1862 290 1930 Orientis
302 1858 426 1948 populi,
439 1861 585 1948 adeoque
600 1861 747 1926 Hebraei
758 1866 898 1949 quietem
913 1886 1031 1930 sumrnr
1019 1865 1119 1933 boni
1128 1856 1211 1929 loos

140 1961 633 2035 habebant3adlubeturet1am
649 1964 690 2028 ad
708 1963 940 2050 designandam
949 1965 1147 2044 felicitatem
1161 1926 1211 2053 ttd

139 2065 209 2130 hoc.
224 2063 354 2152 quidem
368 2062 461 2146 loco,
479 2064 682 2185 fidenatem
696 2073 921 2179 postmortem
936 2067 1181 2187 exspectpttdofl·

6 2144 32 2173 '³
141 2164 387 2231 Oeoumenius·
385 2162 426 2244 ἦ
445 2163 656 2242 κατάπαυσις
677 2163 737 2243 τῆς
756 2162 939 2250 βασιλείας
959 2167 1025 2237 τῶν
1046 2162 1201 2254 οὔριαιῖιν
1194 2218 1211 2279 4

139 2264 417 2351 Theophylaotus:
448 2262 537 2333 οὕτω
554 2267 658 2332 καλεῖ
679 2262 743 2344 τήν
764 2261 942 2349 βασιλείαν
962 2264 1211 2371 recoopertus

137 2363 228 2431 Usus
249 2378 356 2432 autem
377 2378 427 2431 est
440 2378 550 2431 noster
570 2363 729 2431 vocabulo
748 2363 987 2451 σαββατισμὸς
1013 2382 1074 2453 pro
1097 2359 1197 2432 κατά·
1202 2344 1211 2415 l

137 2491 282 2551 παυσις,
303 2470 455 2555 quoniam
473 2488 505 2532 v.
516 2477 549 2532 4.
570 2464 715 2548 sabbati,
744 2468 874 2552 septimi
894 2465 1104 2534 hebdomadis
1121 2465 1211 2565 diei,-

106 2575 108 2583 '
138 2592 201 2657 quo
217 2568 309 2634 Deus
323 2568 364 2634 ab
380 2571 468 2634 omni
480 2589 580 2653 opere
596 2589 655 2632 suo
671 2567 836 2653 quievisse
851 2566 1051 2652 perhibetur,
1064 2570 1211 2635 mentio·

66 2713 67 2716 =
136 2692 211 2736 nem
225 2670 365 2751 fecerat,
393 2681 425 2732 et
441 2672 592 2755 quoniam
603 2667 717 2734 Iudaei
735 2664 905 2732 sabbatum
918 2668 1047 2736 futurae
1062 2670 1178 2736 beatita-
1193 2674 1211 2733 .“

136 2773 179 2835 trs
190 2792 367 2856 rmagrnem
379 2791 453 2834 esse
466 2766 623 2854 putabant
636 2769 702 2832 vid.
715 2781 782 2833 not
798 2769 850 2834 ad.
866 2790 899 2832 v.
911 2778 944 2835 4.
966 2763 1211 2845 Nominetcfc}

55 2886 57 2891 '
135 2894 194 2939 τοι
179 2866 300 2937 Θεοῦ
316 2868 456 2958 populus
470 2866 537 2932 Dei
550 2866 744 2953 peculiaris,
773 2872 805 2934 ei
819 2883 1025 2938 consecratus
1043 2873 1109 2940 vid.
1128 2878 1211 2943 not·

135 2972 177 3038 ad
190 2981 220 3054 2,
238 2978 288 3038 11.
311 2994 375 3060 quo
389 2969 504 3100 Iudaei
522 2967 764 3054 gloriabantur,
787 2971 821 3035 h.
835 2969 859 3036 1.
878 2975 1096 3060 insigniuntur
1111 2950 1211 3039 elul-4·¹

134 3075 244 3138 Silani

220 3178 272 3238 10.
302 3167 455 3235 Ostendit
478 3167 618 3253 scriptor
644 3190 708 3256 quo
729 3192 828 3236 sensu
850 3170 1011 3237 vocabulo
1032 3170 1176 3258 σαββατι·

82 3320 89 3336 .
133 3269 217 3360 σμός
227 3292 307 3336 usus
321 3264 374 3335 sit.
402 3269 421 3337 ὁ
437 3268 504 3358 ’γαρ
519 3265 739 3335 εἰσελθών’
705 3295 756 3348 εις
772 3294 837 3351 την
853 3268 1067 3339 κατάπαυσιν
1079 3261 1175 3350 αὐτοῦ]

132 3395 206 3440 cum
227 3379 449 3459 perpervenit
466 3369 512 3436 cd
531 3376 667 3455 quietem
689 3372 914 3458 (felicitatem)
937 3394 1002 3458 quc
1014 3376 1103 3439 Deos
1112 3385 1175 3458 pet·
1196 3386 1211 3441 ³³..

122 3475 271 3553 fruitur.
312 3470 403 3536 Male
415 3469 610 3536 Atrectum
622 3470 690 3557 yde
703 3473 844 3557 positum
860 3494 934 3537 esse
950 3472 1063 3535 statuit
1073 3492 1130 3558 pro
1140 3461 1174 3532 δι’·
1201 3466 1211 3553 j

121 3574 195 3640 ¹Per
210 3565 492 3639 siccitatatem
507 3570 654 3634 nonnulli
668 3569 833 3636 Christum
849 3569 1052 3656 intelligunt,
1079 3574 1127 3636 cui
1139 3571 1175 3633 ir·
1189 3560 1211 3645 ι’

129 3675 355 3761 terpretationi
372 3685 536 3751 contortae
550 3671 739 3736 adversatur
755 3683 937 3736 contextus.
978 3667 1176 3758 Improbandt
1196 3668 1211 3737 1

61 3763 71 3811 J
131 3779 230 3841 etiam
243 3786 295 3839 est
309 3765 454 3840 Schulzo'c'
462 3766 563 3853 ratio,
593 3773 648 3857 qui
667 3770 686 3836 ὁ
706 3772 788 3848 λαὸς
805 3773 866 3851 τσῦ
886 3770 973 3836 Θεοῦ
992 3767 1176 3856 subintelligi
1197 3768 1211 3823 ’1

128 3875 208 3940 vult.
250 3875 322 3941 Imo
333 3874 395 3938 bac
411 3894 494 3937 voce
508 3868 528 3937 ὁ
542 3867 712 3938 εἰσελθών
724 3883 852 3936 notatur
867 3873 1050 3960 quicunque
1065 3896 1085 3939 o
1098 3882 1179 3961 gemo

42 3964 46 3969 ’
128 3975 195 4040 Dei
214 3978 283 4052 πᾶς
302 3974 322 4042 ό
341 3969 524 4048 πιστεύσας
543 3993 575 4037 v.
590 3979 621 4040 3.
643 3971 716 4036 add.
736 3969 839 4036 Maro.
857 3975 907 4053 16,
931 3975 983 4038 16.
1011 3971 1077 4055 τήν
1092 3967 1182 4040 κατά·

127 4097 253 4142 aevom
269 4073 514 4154 Grieedaolct'ue,
536 4084 684 4158 utsupra
704 4072 745 4136 ad
763 4092 794 4135 v.
809 4077 840 4136 3.
857 4071 1015 4156 vidimus,
1038 4076 1139 4141 refert
1150 4069 1186 4138 ad
1209 4068 1211 4081 '

129 4173 375 4246 christianorum
401 4174 590 4245 felicitatem
609 4196 692 4275 quae
712 4175 778 4244 iam
796 4171 847 4243 his
872 4175 907 4242 in
929 4177 1027 4245 terris
1049 4178 1188 4268 incipiat.

1203 3070 1211 3127 l
