2632 4740
448 313 605 414 Cau-ur
631 316 679 393 X.
714 340 751 393 v.
780 324 862 395 33.v
1051 354 1053 360 ·
1099 319 1202 396 379'
1241 314 1244 328 ‘

112 483 202 568 furti,
225 486 312 551 idem
336 481 477 550 declarat
499 484 585 571 quod
606 483 758 568 θέατρον
778 478 940 567 γίνεσθαι
965 491 980 548 1
1004 483 1079 550 Cor.
1095 493 1128 565 4,
1142 491 1174 550 9.

120 585 261 674 θέατρον
282 597 400 667 autem,
421 605 486 651 uon
511 596 634 650 tentum
653 585 771 648 dieitur
784 589 882 663 locros,
903 592 936 650 in
950 607 1009 671 quo
1022 589 1092 652 ludi
1105 607 1175 673 see-

116 694 178 752 uui
189 697 223 752 el
239 690 425 775 spectacula
440 686 573 772 publiea
588 688 737 765 ederetur,
761 685 820 749 sed
838 687 936 749 etiam
958 690 1175 768 spectaculum

113 786 227 869 ipsum,
250 809 305 853 ree
319 791 365 855 ad
375 789 582 874 spectandum
597 785 744 852 euls'lita
756 806 788 847 v.
802 782 954 846 Aeschin.
968 783 1058 849 Dial.
1074 793 1104 867 3,
1120 794 1174 852 20.

112 899 143 949 et
162 888 249 954 lonso
265 896 321 976 qur-⁸
331 891 523 973 spectandus
541 895 573 950 et
587 888 772 952 irridendus
788 883 971 970 eulibetur,
993 892 1051 971 qui
1066 887 1174 973 publi-

109 1006 148 1048 oe
165 993 246 1055 male
260 1001 440 1069 tractatur,
464 993 597 1053 omnium
611 985 746 1051 ludibrio
761 989 863 1077 ueluti
876 992 910 1049 in
926 984 1054 1051 tlteatro
1071 1008 1174 1074 eupo-

110 1091 388 1176 mememorato
410 1092 614 1171 ignominioso
638 1085 801 1167 officiium
825 1098 858 1150 et
875 1084 1010 1150 verbum
1023 1087 1175 1174 'deuios'-

114 1181 185 1260 ζειν
208 1183 354 1254 denotet:
394 1193 567 1271 ignominia
601 1197 635 1253 et
671 1190 827 1274 ssspplioio
860 1191 995 1274 aliquem
1023 1187 1173 1270 afficere,

118 1297 245 1354 omnium
267 1290 590 1374 ludibriaianquam
611 1295 646 1354 in
670 1288 812 1369 tlentro,
837 1290 972 1374 aliquem
993 1307 1172 1375 eupomere.

121 1380 170 1452 Ex
188 1411 278 1454 more
304 1393 454 1454 nimirum
476 1388 674 1454 Graecorum
696 1388 995 1475 Romanorumque,
1025 1390 1174 1454 homiues

122 1489 251 1554 malefici
264 1492 428 1576 gravioris
443 1491 645 1576 ignominiae
662 1507 780 1553 caussa
798 1510 857 1573 per
871 1489 1030 1553 theatrum
1046 1488 1176 1562 deducti

122 1598 238 1672 poenas
251 1591 299 1655 ibi
318 1590 452 1655 luebant
469 1591 604 1656 Sueten.
626 1587 713 1675 Aug.
726 1595 782 1654 45.
803 1588 991 1657 histrionum
1015 1593 1177 1656 licentiam

122 1693 197 1757 odeo
216 1699 416 1779 comparauit,
437 1701 475 1758 ut
494 1688 740 1775 Stephanionem
754 1686 959 1774 togatarium,
979 1696 1034 1754 eui
1048 1695 1083 1754 in
1093 1711 1176 1776 pue-

119 1796 208 1858 rilem
222 1792 361 1858 dolitum
375 1799 618 1857 circumtonsam
636 1792 822 1856 matronam>
835 1797 1036 1856 ministrasse
1053 1812 1179 1878 compe·

118 1905 224 1974 rernt,
241 1914 307 1980 per
324 1899 413 1959 trina
435 1891 567 1962 tloeatra
584 1895 685 1972 oirgr‘s
698 1911 834 1971 caesum,
854 1895 1060 1975 relegaverit.
1082 1891 1179 1956 Philo
1266 1880 1267 1887 ό
1301 1959 1308 1967 ,

116 1993 152 2056 in
176 1993 285 2060 Flauo.
308 2016 343 2080 p.
367 1998 440 2059 977.
470 1991 531 2056 καὶ
552 1987 646 2056 ταῦτ’
667 1983 853 2078 εἰργάζετο
864 1992 952 2076 μετά
973 1990 1181 2078 τόντληγαῖς

109 2087 328 2160 αἰκίσασθαι
340 2093 375 2159 ἕν
387 2092 477 2182 μέσῳ
489 2094 539 2178 ’τῳ
550 2090 693 2182 θεάτρῳ
710 2089 769 2155 καὶ
788 2093 869 2176 πυρὶ
887 2092 947 2157 καὶ
967 2091 1096 2183 σιδήρῳ
1114 2095 1181 2179 βαι,

111 2192 269 2275 σανίσαι,
290 2195 351 2258 καὶ
372 2192 394 2274 η
420 2193 491 2275 θέα
510 2189 738 2287 διενενὲμητο·
759 2189 803 2255 τά
826 2195 889 2277 μὲν
903 2191 966 2278 γάρ
983 2197 1101 2279 πρῶτα
1114 2195 1202 2261 τῶν,
1228 2231 1233 2239 -

110 2292 308 2379 θεαμάτων
320 2293 398 2382 άχρι
413 2288 527 2380 τρίτης
537 2285 659 2377 dauri}
674 2289 838 2377 τετάρτης
853 2291 891 2370 ἐξ
903 2289 1052 2360 ἑωθινοῦ
1070 2299 1181 2362 ταῦτα
1282 2368 1285 2375 .

110 2388 176 2478 ἦν,
196 2395 352 2462 Ἰουδαῖοι
379 2389 662 2479 μαστιγούμενοι,
690 2389 893 2478 κρεμάμενοι
898 2433 915 2475 ,-
936 2391 1195 2482 τροχιζόμενοι,·

112 2491 449 2577 καταδικαζόμενοι,
478 2491 539 2559 διά
560 2493 665 2576 μέσης
687 2493 752 2591 τῆς
765 2491 949 2582 ὀρχήστρας
969 2493 1182 2581 άιταγόμενοι
1205 2547 1217 2570 ,
1283 2511 1302 2519 ’”

112 2597 186 2676 τήν
198 2595 255 2660 ἐστὶ
273 2591 419 2683 θανάτῳ
435 2593 633 2659 nihilomiuus
640 2594 900 2677 flagellabantur
915 2602 949 2661 in
968 2598 1068 2662 medio
1088 2596 1179 2662 ilea-

114 2709 186 2778 tro,
208 2706 243 2762 et
260 2696 506 2781 igneferroque
527 2694 771 2781 torquebantur,
793 2699 985 2780 spectaculis
1004 2697 1183 2787 distributis
1295 2714 1299 2719 ’

114 2808 154 2868 in
173 2799 255 2864 lune
267 2798 409 2861 modum:
429 2819 523 2862 mane
537 2817 635 2882 usque
650 2799 696 2861 ad
710 2795 821 2862 loram
842 2803 973 2863 tertiam
996 2806 1182 2882 quartanae

118 2901 245 2968 Iudaei
249 2896 520 2980 flagellabantur,
542 2895 825 2982 suspendebantur,
845 2896 1180 2979 solis·allignlaniur,

119 2998 370 3076 damnabantur,
387 3017 451 3082 μιν
466 2999 599 3062 mediam
612 2995 809 3061 orchestram
826 2999 872 3062 ud
885 2999 1071 3082 supplicium
1085 2999 1182 3063 duce·
1251 3023 1253 3033 ·

120 3101 255 3166 bantur.
277 3097 326 3162 ld.
342 3096 382 3159 de
394 3096 476 3182 Leg.
493 3094 612 3160 adCai.
622 3117 656 3180 p.
670 3093 813 3161 1043.A.
828 3095 981 3161 τοιοῦτον
991 3092 1074 3162 άντὶ
1088 3096 1195 3164 ‹irrra-¹
1293 3138 1294 3142 =

123 3196 263 3285 στηρίον
284 3197 436 3283 θέατρον
458 3191 545 3279 ὁμοῦ
569 3196 629 3259 καὶ
646 3192 875 3281 δεσμωτήριον
896 3193 1113 3282 ἐκφυγόντες·
1140 3189 1184 3277 ὡς

122 3306 187 3390 μὲν
202 3297 266 3386 γάρ
280 3297 316 3364 ἕν
330 3294 470 3386 θεάτρῳ
488 3292 857 3385 κλωσμοσνριττόντων,
877 3300 1186 3385 καταμῳκωμένων,
1260 3335 1270 3343 -

122 3402 256 3486 ἄμετρα
265 3395 495 3484 χλευαζόντων
503 3419 533 3461 κ.
542 3419 573 3463 τ.
581 3398 609 3461 λ.
617 3405 788 3483 postquam
799 3396 858 3461 loo
871 3418 935 3462 non
943 3409 1013 3464 iam
1023 3404 1185 3483 iudim‘um,

125 3523 222 3590 quam
234 3500 396 3564 theatrum
405 3503 538 3582 pariter
550 3508 584 3563 et
598 3517 762 3569 oareerem
773 3497 952 3586 effligimus.
988 3499 1075 3566 Nam
1093 3510 1190 3588 quasi

123 3611 161 3672 in
185 3602 317 3668 tleotro
339 3597 594 3679 exsilientium,
623 3598 901 3679 subsannantium,
930 3611 963 3665 et
984 3603 1187 3674 irridentium

127 3700 374 3789 supramodum,
389 3697 526 3764 ludibria
541 3705 706 3764 evasimus.
746 3696 940 3782 Metaphora
951 3699 1013 3763 hae
1026 3722 1046 3764 a
1059 3714 1189 3786 specta-

127 3802 212 3869 culis
229 3802 332 3887 petitu
346 3801 442 3864 etiam
451 3799 560 3863 Latini
572 3801 747 3883 scriptores
762 3810 893 3864 utuntur
908 3798 1040 3865 Sallust.
1053 3801 1123 3888 lug.
1136 3808 1187 3871 17.

128 3910 180 3972 At
200 3924 258 3985 ego
284 3900 405 3978 infeliu
426 3906 460 3964 in
481 3908 576 3966 tanta
598 3901 684 3965 mula
697 3906 938 3986 praecantatus
951 3917 994 3948 -ὲ-
1008 3922 1115 3968 rerum
1131 3903 1188 3970 lors-

124 4023 298 4075 manarum
311 3994 523 4088 spectaculum
531 3997 534 4003 ’
536 3999 688 4086 praebeo.
710 3997 778 4064 Cic.
792 3999 860 4065 Aa
876 4007 928 4082 10,
943 4009 974 4066 2.
995 4001 1114 4070 domini
1126 4024 1192 4071 non

129 4111 234 4173 amieo
249 4112 363 4170 nostra
382 4103 575 4168 incommoda
590 4106 787 4187 praesertim
809 4109 901 4169 tanto
917 4106 1101 4189 spectaculo
1120 4123 1201 4170 esser
1235 4143 1244 4151 -

129 4209 270 4276 nollem·
302 4203 474 4271 Caeterum
489 4200 622 4270 verbum
638 4197 836 4294 θεατρίζειν
848 4213 977 4290 praeter
987 4203 1072 4271 huno
1082 4203 1190 4273 laeum
