2604 4746
162 313 235 395 ute
338 332 342 343 ·
451 316 643 424 ,Uanus
671 317 746 392 XL
784 324 938 396 v.··19.‘

58 556 62 565 ,
158 484 278 554 ,caudis
291 493 398 546 autem
411 480 523 546 verbis
540 476 630 547 ὅθεν
643 481 750 549 αὐτόν
764 505 795 548 κ.
814 505 844 546 τ.
859 486 891 551 λ.
907 450 1092 571 permagna¹
1103 496 1146 549 eut
1163 490 1198 551 in·
1230 518 1233 559 ;

121 578 124 584 ’
165 596 342 670 terpretum
367 582 540 645 dissensio.
586 582 618 666 t)
634 582 984 670 Pleriqne‘formu'lam
1006 572 1199 675 ampsani
1229 570 1233 679 Ιῗ

165 697 309 757 vertunt3
332 684 541 761 cimilimodo,
557 696 623 766 per
639 685 884 749 similitudimem.
928 683 996 749 Sed
1009 681 1198 771 hirursut'in
1228 682 1233 761 1

156 782 581 873 ,constituendu'verhorum
603 801 701 847 sensu
721 782 756 846 in
776 786 885 848 varias
913 796 1026 868 partes
1052 780 1197 850 discedunt.
1227 764 1233 799 ¹

167 888 200 972 a)
223 885 304 950 Sunt
321 884 376 970 qui
388 882 499 977 yerhis
516 881 601 946 hune
617 884 749 947 sensum
764 881 952 949 subiiciunt:
976 884 1197 950 crediditAhn·

166 986 283 1053 hamus
293 983 400 1048 Deum
413 982 466 1047 vel
481 1006 501 1046 a
512 983 648 1046 mortuis
663 984 808 1048 excitare
820 1005 919 1069 posse
930 996 1104 1051 mactatum
1112 985 1197 1066 filiun,

46 1130 52 1149 .
169 1084 434 1176 quemadmodum
460 1084 653 1148 eumetiam
673 1080 762 1165 olim,
785 1093 862 1159 'cum
879 1087 945 1171 ipsi
967 1099 1156 1166 nasceretur,
1171 1105 1198 1151 ux

167 1188 304 1254 mortuis
327 1185 384 1270 (ex
403 1184 523 1247 effoeto
539 1181 718 1247 Abrahami
732 1206 881 1269 corpore,
905 1200 939 1251 et
954 1210 974 1252 e
987 1200 1112 1253 mortuo
1124 1187 1214 1251 Sarn'

168 1287 274 1371 utero)
286 1287 475 1370 accepisset.
494 1281 628 1347 Auristu
637 1281 818 1368 ἐκομίσατο
834 1288 900 1350 vim
922 1285 1197 1374 plusquamperfect

168 1388 326 1460 tribuunt3
342 1399 380 1449 ‘et
397 1384 438 1448 ad
460 1381 713 1468 explicationem
729 1406 821 1449 suam
834 1384 1098 1468 confirmandam,
1110 1409 1197 1474 proro-
1219 1390 1222 1395 '

169 1501 243 1553 cant
252 1487 331 1551 adv.
344 1491 393 1549 11.
405 1482 577 1563 etRom.'4,
589 1489 640 1548 19.
663 1473 768 1560 Quam
782 1497 928 1551 contorta
937 1485 1198 1552 sitetincommodt

170 1589 250 1654 haec
259 1586 492 1669 interpretatio,
510 1602 575 1647 non
589 1603 671 1669 opus
686 1595 735 1646 est
748 1596 784 1647 nt
799 1584 946 1671 pluribus
963 1589 1197 1653 demonstremus

170 1690 212 1756 cf.
222 1691 251 1753 si
260 1686 422 1751 videbitur
435 1685 480 1748 W
477 1681 573 1760 obius
585 1684 619 1747 in
629 1681 724 1748 Curis
733 1685 774 1764 ad
782 1684 813 1750 h.
823 1684 845 1751 l.
868 1685 904 1770 b)
912 1687 982 1752 Alii
993 1687 1200 1776 παραβολήν

169 1791 384 1867 similitudine,
405 1805 499 1872 qurum
522 1794 650 1864 vocant,
670 1790 778 1880 typico
793 1785 991 1873 intelligant,
1018 1803 1057 1854 nt
1076 1792 1116 1853 sit
1131 1801 1196 1876 typo

49 1922 55 1948 o
169 1896 281 1956 mortio
292 1888 415 1954 Christi
419 1886 600 1970 piucttluris
609 1891 789 1970 cispetatico
800 1892 1123 1955 uitumreoocuiionit
1131 1901 1196 1974 atque

145 1991 253 2061 ‚adeo
275 1986 378 2052 verba
400 1996 532 2050 sonent:
554 1989 639 2052 ανάα
661 1979 763 2070 (ὅθεν
787 2005 846 2073 pro
876 1982 912 2063 ἐξ
938 1978 985 2052 ὧν
1008 1988 1067 2056 set
1091 1987 1195 2072 νεκρῶν)

170 2090 374 2172 Adrudumus
387 2092 437 2151 itu
452 2094 580 2171 accepit
593 2084 701 2163 filium
715 2096 753 2151 ut
772 2098 859 2152 esset
871 2096 965 2174 typus
980 2097 1093 2156 mortis
1107 2090 1197 2155 Christi
1204 2164 1207 2169 Ι

161 2199 297 2278 *eiusque
310 2196 344 2254 im
358 2186 457 2254 eitum
470 2190 605 2253 reditus.
647 2184 710 2251 Pro
726 2187 788 2251 hac
803 2191 962 2253 sententia
976 2189 1126 2254 dixerunt
1135 2189 1212 2281 tue·

170 2313 264 2372 emec,
294 2288 443 2368 Wolfius,
466 2286 672 2374 Curpzouius,
697 2286 878 2371 Cremerae,
901 2288 976 2370 alii,
997 2289 1193 2376 praeeuntibus

174 2392 409 2477 chrysostomo,
435 2388 631 2456 Theodorum
656 2388 725 2476 (qui
746 2401 854 2453 tamen
877 2388 913 2454 ἐν
930 2391 1111 2482 παραβολῇ
1127 2394 1194 2456 edm

64 2524 67 2533 ·
170 2490 330 2577 explicat:
352 2490 388 2555 ἐν
408 2487 567 2580 συμβόλῳ
594 2488 653 2552 καὶ
672 2489 764 2580 τύπῳ
786 2491 846 2568 τῆς
866 2489 1082 2569 οἶναστοὶσεως
1095 2496 1127 2556 in
1140 2510 1193 2578 syn

169 2589 238 2656 dolo
253 2601 288 2655 et
300 2598 374 2674 typo
389 2599 582 2654 mortuorum
596 2590 866 2674 resurrectionis),
886 2593 1070 2659 Oeeumenio
1084 2607 1116 2658 et
1126 2594 1194 2660 Tne

163 2690 327 2779 phylucio.
370 2686 534 2752 Rehttavit
554 2688 636 2752 hanc
656 2693 849 2755 sententiam
862 2691 1048 2773 Ernestiuc,
1070 2698 1123 2784 qui
1138 2698 1194 2759 inter

170 2790 236 2855 alia
251 2790 383 2868 monuit,
406 2786 527 2851 nullam
543 2788 693 2853 idoneam
710 2811 859 2855 caussam
870 2813 955 2870 esse,
977 2817 1035 2888 cur
1048 2796 1078 2863 h.
1093 2797 1114 2862 1.
1127 2810 1193 2882 typus

168 2901 454 2969 commemoretur,
477 2910 538 2952 nec
559 2909 694 2974 usquam
715 2891 750 2953 in
777 2889 871 2956 libris
892 2896 994 2958 sacris
1014 2895 1192 2975 Isaacumty·

168 3012 245 3075 pum
266 2988 389 3053 Christi
416 2981 539 3070 fuisse,
567 3010 627 3052 nec
659 3011 733 3053 esse
760 2995 924 3076 potuisse,
954 2994 1117 3060 Christum
1135 2996 1192 3059 enin

168 3112 247 3153 vere
270 3101 430 3155 mortuum
452 3103 483 3154 et
504 3093 547 3153 in‘
560 3091 661 3154 vitam
681 3107 867 3158 revocatum
890 3116 981 3175 esse,
1003 3096 1063 3160 sed
1079 3096 1192 3160 Isaacun

168 3186 273 3275 neque
288 3202 459 3270 mortuum,
480 3211 585 3282 neque
604 3191 645 3254 ad
666 3194 765 3256 vitam
785 3196 971 3260 excitatum.
1013 3196 1116 3277 Adde,
1135 3189 1192 3283 quod

169 3302 361 3354 annotarunt
376 3289 449 3354 alii:
473 3292 503 3353 si
519 3291 558 3353 de
572 3304 649 3376 typo
661 3289 714 3354 vel
729 3293 870 3379 imagine
886 3297 1063 3379 cogitasset
1074 3299 1191 3381 scriptur,

57 3432 60 3439 ·
166 3389 254 3453 haud
270 3387 366 3452 dubie
381 3391 479 3454 etiam
501 3390 689 3472 addidisset,
710 3393 776 3455 imo
795 3393 913 3457 addere
933 3383 1109 3478 debuisset,
1130 3398 1192 3460 cuiu

111 3532 120 3553 0
166 3491 216 3553 rei
232 3488 286 3552 vel
302 3509 460 3574 personae
475 3499 582 3574 typus,
605 3495 674 3555 sive
688 3496 808 3578 imago,
823 3493 929 3558 Isaaci
943 3491 1095 3562 liberatio
1108 3496 1191 3562 tuem

167 3589 202 3654 ἐν
224 3589 403 3678 παραβολῇ
429 3588 582 3677 Χριστοῦ
602 3604 657 3654 aut
673 3591 892 3669 ἀναστάσεως
911 3599 1048 3680 νεκρῶν.
1091 3601 1118 3681 ο)
1136 3593 1191 3668 Alii,

167 3711 301 3776 quorum
316 3688 352 3750 in
363 3710 495 3754 numero
514 3702 587 3755 sunt
603 3690 770 3772 Cameren,
794 3695 939 3775 Grotius,
956 3696 1134 3778 Michaelis,
1147 3697 1192 3761 m·

165 3789 588 3875 senmitlleruc,1uspicius,
610 3789 823 3874 Diodorfiuc,
842 3794 1010 3878 Bidmiac,
1034 3802 1192 3884 scriptorem
1229 3848 1233 3875 ⁴

164 3900 308 3951 nostrum
323 3885 549 3954 liberationem
564 3890 670 3954 Isaaci
684 3913 704 3952 a
718 3905 821 3956 morte
842 3895 1008 3977 spectasse
1028 3898 1193 3963 contendunt
1231 3944 1233 3955 .

164 4002 314 4076 tanquam
330 3995 498 4071 imaginem
505 3990 651 4065 fatumue
667 4000 860 4059 mortuorum
878 4002 911 4060 iu
924 4004 1026 4063 οἰῑαα
1040 4002 1193 4063 revocem
1229 4028 1233 4113 p

163 4101 223 4170 teis,
247 4113 318 4154 cum
330 4087 511 4173 παραβολή
528 4087 590 4153 hoc
606 4089 789 4174 significatu
806 4108 842 4159 ut
859 4099 902 4160 sit
912 4105 1017 4182 imago
1034 4112 1123 4163 extet
1134 4103 1160 4177 9,
1172 4100 1193 4159 9.
1230 4128 1233 4139 ·

162 4203 195 4254 et
221 4189 406 4274 Hesychius
436 4188 499 4254 hoc
528 4190 724 4258 vocabulum
753 4195 986 4283 interpretatus
1021 4202 1066 4265 sit
1087 4199 1193 4271 nomint
1226 4252 1233 4287 ,
