2604 4746
78 272 86 421 ἰ

421 316 579 394 curor
604 316 659 391 11.
693 339 731 393 v.
759 324 791 392 8.
817 324 853 395 9.
1116 325 1163 395 dt

119 509 179 552 esse
192 493 349 563 statuunt,
362 493 395 547 et
408 496 445 547 ut
461 482 562 571 probe
576 484 698 568 monuit
711 480 868 561 demiee,
881 479 1049 547 celebrare
1065 483 1167 549 voluit

116 601 218 652 auctor
231 584 344 650 Iesum
360 584 513 647 divinitus
527 585 732 648 constitutum
745 600 857 666 regem
876 595 908 646 et
925 583 1104 666 domiuum,
1126 607 1166 649 uc

117 686 213 751 Deum
231 688 345 771 ipsum
364 703 444 747 mox
463 702 494 745 v.
514 688 545 748 9.
566 681 757 768 appellarit.
785 681 846 747 νῦν
868 682 905 747 δὲ
924 679 1017 748 οὔπω
1038 683 1166 770 ὁρῶμεν

116 786 194 876 αὐτῷ
208 786 255 852 τοὶ
266 780 383 851 πάντα
396 780 661 869 ὑποτεταγμένα]
677 790 741 848 rent
758 803 835 848 oero
856 785 991 848 nondum
1003 789 1037 847 α’
1048 783 1166 868 (11οωὶ-

118 891 155 972 ni)
166 893 272 952 οαατία
286 883 432 952 subrecta
445 885 595 951 aueum.
638 883 712 948 Hoc
725 881 889 948 oraculum
908 885 943 946 in
957 880 1045 947 nullo
1061 884 1166 949 homi·

117 1010 150 1051 ne
162 994 317 1051 eventurn
332 982 454 1065 habuit,
478 983 520 1047 ud
539 981 702 1069 Christum
720 1005 799 1069 ergo
815 983 1019 1048 referendum
1033 997 1093 1066 est,
1113 988 1167 1050 cui

116 1087 254 1152 rubiecta
266 1095 344 1150 sunt
356 1086 475 1166 omnia,
496 1082 577 1148 haee
597 1085 682 1148 eninr
698 1085 786 1147 notio
801 1082 949 1147 inhaeret
964 1084 1074 1149 verbis
1090 1107 1121 1149 v.
1134 1093 1166 1151 9.

116 1184 185 1279 δόξῃ
202 1187 266 1252 καὶ
280 1183 362 1275 τιμῇ
376 1182 656 1271 ἐστεφανωμένον.
698 1184 779 1249 Sunt
792 1185 847 1270 qui
862 1183 962 1248 verba
982 1188 1043 1252 νῦν
1062 1186 1099 1251 δὲ
1110 1184 1168 1252 oii-

109 1310 157 1359 ,τω
173 1310 204 1352 κ.
220 1311 255 1352 τ.
272 1287 304 1351 λ.
322 1289 587 1372 interpretentur:
609 1284 738 1349 Christo
754 1285 883 1374 quidem
901 1286 1040 1350 nondum
1059 1290 1169 1353 omnia

117 1387 256 1453 subiecta
268 1399 356 1468 sunt,
379 1386 518 1453 nondum
534 1407 645 1451 omnes
667 1387 770 1470 ipsius
789 1385 900 1450 hostes
920 1385 1045 1451 subacti
1061 1399 1093 1452 et
1107 1410 1167 1475 po-

116 1501 221 1554 testate
245 1510 309 1552 sua
324 1489 444 1575 privati
467 1494 569 1552 suntl
595 1485 670 1550 Cor.
695 1491 746 1566 15,
761 1490 813 1550 27.
837 1485 896 1549 sed
916 1508 997 1571 quae
1014 1488 1068 1552 Pa.
1080 1496 1110 1554 8.
1124 1491 1166 1553 do

117 1614 148 1656 eo
160 1591 290 1655 honore
309 1600 342 1652 et
356 1586 463 1675 gloria
474 1589 616 1653 ornando
630 1587 793 1674 praedicta
804 1599 879 1650 sunt
900 1589 1024 1650 exitum
1044 1587 1168 1653 habue-

117 1703 179 1755 runt
188 1713 223 1754 v.
236 1697 269 1754 9.
287 1690 439 1753 evenient
452 1709 530 1774 ergo
547 1691 645 1755 etiarn
657 1709 739 1774 quae
753 1687 793 1751 de
808 1687 911 1772 ipsius
925 1688 1060 1773 imperio
1071 1711 1167 1774 prae-

119 1793 312 1861 dictasunt·
350 1786 441 1865 Quae
460 1800 574 1853 tamen
584 1788 816 1875 interpretandi
835 1789 918 1852 ratio
945 1786 1040 1851 nobis
1070 1788 1166 1854 valde

120 1884 257 1969 contorti
271 1889 418 1969 ridetur,
442 1888 482 1952 cf.
505 1889 664 1953 etiamad
688 1895 717 1969 1,
741 1895 791 1953 13.
813 1899 938 1968 notata,
957 1886 1014 1951 ubi
1033 1889 1073 1953 de
1093 1889 1167 1953 loco
1248 1970 1253 1981 .

119 1984 331 2057 lsnlmi'lw.
354 1989 461 2079 (quem
479 1986 599 2052 Paulus
621 1986 731 2053 icor.
752 1993 802 2068 15,
824 1994 876 2054 27.
899 1987 963 2051 ulia
983 1990 1108 2053 ratione
1132 1993 1168 2054 in

120 2115 197 2157 maru
218 2113 293 2156 rom
316 2087 488 2175 transtulit)
506 2085 749 2175 disputavimus.
792 2087 906 2174 Neque
920 2089 955 2150 in
974 2109 1055 2152 voce
1074 2087 1168 2153 οὔπω

121 2191 328 2279 argutandum
345 2203 412 2270 est,
434 2211 499 2254 non
517 2212 557 2254 ea
577 2191 749 2269 indicatur,
767 2200 894 2274 tempus
916 2187 1004 2271 fore,
1027 2211 1089 2274 quo
1107 2190 1168 2255 ho-

121 2295 204 2356 ninis
219 2292 362 2375 irnperio
375 2289 584 2379 subiiciantur
595 2291 712 2354 omnia.

189 2399 223 2458 9.
243 2390 316 2454 lam
337 2391 474 2473 scriptor
498 2390 684 2474 dignitatem
704 2387 804 2470 illam,
827 2411 922 2474 quam
945 2393 1096 2456 carminis
1109 2414 1168 2456 au·

123 2490 318 2559 ctorlromiui
333 2491 509 2575 contigisse
530 2487 684 2570 declarat,
706 2488 783 2554 Iesu
797 2489 941 2554 Messiae
962 2492 1114 2575 vindicat,
1134 2506 1169 2558 et

123 2615 181 2660 turn
206 2592 353 2657 Iudaeos
380 2592 522 2654 maxime
549 2589 729 2654 offenderet
752 2612 840 2653 mors
869 2588 910 2653 ab
933 2612 973 2654 eo
999 2613 1168 2679 perpessa,

124 2699 230 2782 quippe
251 2691 340 2779 quod
359 2689 531 2754 credebant
552 2688 712 2755 Messium
734 2710 799 2754 non
821 2711 895 2753 esse
915 2692 1102 2791 moriturum
1122 2697 1168 2779 (v.

123 2791 347 2876 10n12‚34.);
367 2791 443 2854 inde
465 2789 507 2854 ab
528 2789 590 2853 hoc
612 2811 711 2854 versu
730 2812 832 2876 usque
854 2791 897 2854 ad
916 2812 947 2854 v.
965 2797 1014 2855 18.
1037 2793 1169 2858 demon-

122 2907 213 2960 strare
229 2884 373 2972 enititur,
393 2902 539 2970 mortem,
561 2911 656 2976 quam
671 2888 819 2954 Christus
832 2890 932 2955 homo
942 2891 1045 2956 factus
1060 2894 1169 2959 subie-

121 2998 163 3077 rit,
181 2997 216 3060 ei
230 2995 354 3058 aditum
368 2992 410 3056 ud
421 3012 576 3057 summam
588 2989 725 3076 gloriam
738 2989 851 3072 fuisse,
867 3004 899 3056 et
913 3003 1049 3055 mortem
1065 2995 1170 3079 ipsius

121 3115 176 3161 non
187 3095 371 3181 vulgarem,
392 3090 607 3157 redmaxime
620 3089 795 3157 salutarem
807 3115 880 3157 esse
894 3092 1084 3156 habeudan’r.
1127 3095 1170 3162 ln

122 3194 339 3262 constituenda
366 3202 473 3257 auteur
499 3190 673 3256 verborum
692 3192 788 3257 huius
814 3214 928 3256 versus
957 3204 1114 3259 structura
1137 3210 1171 3261 et

123 3299 275 3362 sententia
287 3294 484 3359 desudarunt
497 3294 700 3378 interpretes.
744 3295 775 3376 1)
791 3292 840 3354 Ac
856 3290 946 3356 Bere
964 3293 1092 3381 quidem
1111 3320 1169 3361 no·
1241 3332 1244 3337 ·

124 3409 170 3481 tat,
192 3395 357 3483 duplicem
372 3397 408 3457 in
424 3405 577 3458 contextu
594 3392 719 3457 Graeco
732 3391 903 3485 synchysin
919 3398 1010 3475 esse,
1033 3418 1169 3486 eumque
1252 3480 1255 3485 Ι

125 3496 445 3563 itaconatituendurnt
465 3493 639 3579 βλέπομεν
650 3495 689 3565 dd
699 3487 787 3583 ,δόξῃ
808 3491 867 3556 καὶ
886 3493 966 3585 τιμῇ
983 3494 1170 3585 ἐστεφανω·
1206 3567 1210 3577 ,

127 3600 215 3681 μένον
237 3582 302 3664 cdv
320 3587 432 3684 βραχύ
447 3618 484 3660 τι
507 3589 586 3680 παρ’
609 3566 773 3677 dyydovg
794 3589 1030 3680 ἠλαττωμένον
1045 3585 1170 3678 Ἰησοῦν

127 3697 174 3763 tut
191 3697 232 3766 τὸ
253 3692 409 3782 πάθημα
428 3695 486 3761 τοῦ
507 3688 681 3773 θανάτου,
701 3683 791 3768 ὅπως
806 3714 836 3757 κ.
856 3715 885 3758 τ.
900 3695 929 3758 λ.
949 3696 1053 3761 verba
1070 3701 1169 3784 igitur

129 3796 176 3865 td
186 3799 225 3865 τό
239 3784 396 3880 πάθημα
409 3795 470 3861 τοῦ
484 3790 640 3859 θανάτου
647 3814 713 3880 per
726 3804 858 3859 mortem
872 3796 895 3859 i.
905 3817 934 3859 e.
948 3807 984 3857 ut
997 3798 1079 3859 mori
1091 3819 1169 3883 pos.

130 3911 178 3980 tet,
197 3899 300 3964 refert
320 3896 363 3961 ad
380 3892 625 3983 ἠλαττωμένον.
665 3892 759 3958 Haec
784 3916 862 3960 vero
881 3893 1053 3959 verborum
1068 3899 1171 3964 collo-

133 4002 202 4064 urio
215 3999 298 4063 dura
311 3991 364 4062 est
375 4009 471 4082 atque
490 4000 645 4075 contorta,
668 4006 700 4061 et
716 3996 884 4076 sententia,
901 4017 982 4080 quae
997 4016 1037 4057 ea
1050 3996 1170 4069 admis-

136 4116 161 4162 11
173 4099 337 4186 procedit,
357 4118 421 4161 non
441 4099 635 4160 conueniens
650 4097 754 4162 estiis
770 4120 851 4184 quae
872 4118 903 4160 v.
918 4119 985 4184 seq.
1006 4092 1168 4182 leguntur,

138 4202 308 4288 mninoque
324 4221 344 4264 a
359 4197 524 4283 scriptoris
538 4198 669 4283 ingenio
683 4197 800 4264 aliena.
836 4196 963 4262 Etenim
977 4198 1168 4266 vocabulum
