<?xml version="1.0" encoding="UTF-8"?>
<!DOCTYPE html PUBLIC "-//W3C//DTD XHTML 1.0 Transitional//EN"
    "http://www.w3.org/TR/xhtml1/DTD/xhtml1-transitional.dtd">
<html xmlns="http://www.w3.org/1999/xhtml" xml:lang="en" lang="en">
 <head>
  <title>
</title>
<meta http-equiv="Content-Type" content="text/html;charset=utf-8" />
  <meta name='ocr-system' content='tesseract 3.04.00' />
  <meta name='ocr-capabilities' content='ocr_page ocr_carea ocr_par ocr_line ocrx_word'/>
</head>
<body>
  <div class='ocr_page' id='page_1' title='image "./dchristianitheo00kuehgoog_0520.png"; bbox 0 0 2632 4740; ppageno 0'>
   <div class='ocr_carea' id='block_1_1' title="bbox 136 277 1183 538">
    <p class='ocr_par' dir='ltr' id='par_1_1' title="bbox 136 277 1183 538">
     <span class='ocr_line' id='line_1_1' title="bbox 137 277 936 365; baseline -0.011 -4"><span class='ocrx_word' id='word_1_1' title='bbox 137 292 215 365; x_wconf 76' lang='grc'>190</span> <span class='ocrx_word' id='word_1_2' title='bbox 403 277 568 357; x_wconf 82' lang='lat' dir='ltr'>Csrnr</span> <span class='ocrx_word' id='word_1_3' title='bbox 591 278 693 365; x_wconf 82' lang='lat' dir='ltr'>Xll.</span> <span class='ocrx_word' id='word_1_4' title='bbox 715 296 756 355; x_wconf 85' lang='lat' dir='ltr'>s.</span> <span class='ocrx_word' id='word_1_5' title='bbox 779 282 844 355; x_wconf 87' lang='lat'>21.</span> <span class='ocrx_word' id='word_1_6' title='bbox 869 283 936 365; x_wconf 75' lang='lat'>22</span> 
     </span>
     <span class='ocr_line' id='line_1_2' title="bbox 136 431 1183 538; baseline -0.002 -25"><span class='ocrx_word' id='word_1_7' title='bbox 136 444 296 538; x_wconf 74' lang='lat' dir='ltr'>porticale</span> <span class='ocrx_word' id='word_1_8' title='bbox 309 444 371 510; x_wconf 76' lang='lat' dir='ltr'>soi</span> <span class='ocrx_word' id='word_1_9' title='bbox 388 446 448 531; x_wconf 79' lang='lat' dir='ltr'>(nl.</span> <span class='ocrx_word' id='word_1_10' title='bbox 460 445 515 533; x_wconf 73' lang='lat' dir='ltr'>qo.</span> <span class='ocrx_word' id='word_1_11' title='bbox 532 442 625 509; x_wconf 73' lang='grc' dir='ltr'>α’λλιὶ</span> <span class='ocrx_word' id='word_1_12' title='bbox 641 442 715 528; x_wconf 72' lang='grc' dir='ltr'>ναὶ)</span> <span class='ocrx_word' id='word_1_13' title='bbox 730 464 803 509; x_wconf 81' lang='lat' dir='ltr'>cure</span> <span class='ocrx_word' id='word_1_14' title='bbox 821 444 939 509; x_wconf 79' lang='lat' dir='ltr'>serbis</span> <span class='ocrx_word' id='word_1_15' title='bbox 959 443 1093 525; x_wconf 72' lang='grc' dir='ltr'><strong><em>Μωσῆς</em></strong></span> <span class='ocrx_word' id='word_1_16' title='bbox 1109 431 1183 511; x_wconf 74' lang='grc' dir='ltr'><strong><em>εἶπεν</em></strong></span> 
     </span>
    </p>
   </div>
   <div class='ocr_carea' id='block_1_2' title="bbox 95 544 1185 4253">
    <p class='ocr_par' dir='ltr' id='par_1_2' title="bbox 95 544 1185 3248">
     <span class='ocr_line' id='line_1_3' title="bbox 135 544 1184 633; baseline -0.007 -15"><span class='ocrx_word' id='word_1_17' title='bbox 135 557 184 618; x_wconf 85' lang='lat' dir='ltr'>ite</span> <span class='ocrx_word' id='word_1_18' title='bbox 202 545 443 633; x_wconf 74' lang='lat' dir='ltr'>coniungendo:</span> <span class='ocrx_word' id='word_1_19' title='bbox 462 555 497 610; x_wconf 83' lang='lat' dir='ltr'>et</span> <span class='ocrx_word' id='word_1_20' title='bbox 511 566 589 611; x_wconf 84' lang='lat' dir='ltr'>cero</span> <span class='ocrx_word' id='word_1_21' title='bbox 608 546 721 612; x_wconf 81' lang='lat' dir='ltr'>Moses</span> <span class='ocrx_word' id='word_1_22' title='bbox 738 549 926 632; x_wconf 70' lang='lat' dir='ltr'>ipsediest.</span> <span class='ocrx_word' id='word_1_23' title='bbox 970 544 1184 631; x_wconf 75' lang='lat' dir='ltr'>lllstlspeets·</span> 
     </span>
     <span class='ocr_line' id='line_1_4' title="bbox 135 644 1184 733; baseline -0.007 -15"><span class='ocrx_word' id='word_1_24' title='bbox 135 651 242 718; x_wconf 85' lang='lat' dir='ltr'>celum</span> <span class='ocrx_word' id='word_1_25' title='bbox 256 649 321 733; x_wconf 87' lang='lat' dir='ltr'>ipsi</span> <span class='ocrx_word' id='word_1_26' title='bbox 333 648 433 711; x_wconf 87' lang='lat' dir='ltr'>etiem</span> <span class='ocrx_word' id='word_1_27' title='bbox 444 644 544 725; x_wconf 78' lang='lat' dir='ltr'>Mori,</span> <span class='ocrx_word' id='word_1_28' title='bbox 563 648 712 733; x_wconf 81' lang='lat' dir='ltr'>quemvis</span> <span class='ocrx_word' id='word_1_29' title='bbox 726 644 792 710; x_wconf 86' lang='lat' dir='ltr'>Dei</span> <span class='ocrx_word' id='word_1_30' title='bbox 804 648 960 711; x_wconf 85' lang='lat' dir='ltr'>ministro</span> <span class='ocrx_word' id='word_1_31' title='bbox 978 660 1016 710; x_wconf 85' lang='lat' dir='ltr'>et</span> <span class='ocrx_word' id='word_1_32' title='bbox 1036 647 1184 733; x_wconf 63' lang='lat' dir='ltr'>interpret</span> 
     </span>
     <span class='ocr_line' id='line_1_5' title="bbox 133 744 1183 836; baseline -0.008 -17"><span class='ocrx_word' id='word_1_33' title='bbox 133 770 291 819; x_wconf 86' lang='lat' dir='ltr'>terrorem</span> <span class='ocrx_word' id='word_1_34' title='bbox 303 748 424 812; x_wconf 82' lang='lat' dir='ltr'>iniecit.</span> <span class='ocrx_word' id='word_1_35' title='bbox 445 745 486 813; x_wconf 79' lang='grc' dir='ltr'>τό</span> <span class='ocrx_word' id='word_1_36' title='bbox 499 745 757 836; x_wconf 70' lang='grc' dir='ltr'>φανταζόμενον</span> <span class='ocrx_word' id='word_1_37' title='bbox 771 748 879 810; x_wconf 81' lang='lat' dir='ltr'>risam</span> <span class='ocrx_word' id='word_1_38' title='bbox 898 748 993 834; x_wconf 79' lang='lat' dir='ltr'>qnod</span> <span class='ocrx_word' id='word_1_39' title='bbox 1013 744 1183 833; x_wconf 65' lang='lat' dir='ltr'>apperens.</span> 
     </span>
     <span class='ocr_line' id='line_1_6' title="bbox 134 843 1183 934; baseline -0.01 -14"><span class='ocrx_word' id='word_1_40' title='bbox 134 853 245 919; x_wconf 76' lang='lat' dir='ltr'>oblate</span> <span class='ocrx_word' id='word_1_41' title='bbox 264 850 393 934; x_wconf 83' lang='lat' dir='ltr'>species</span> <span class='ocrx_word' id='word_1_42' title='bbox 414 859 449 911; x_wconf 86' lang='lat' dir='ltr'>ct</span> <span class='ocrx_word' id='word_1_43' title='bbox 469 848 598 933; x_wconf 72' lang='lat' dir='ltr'>imago,</span> <span class='ocrx_word' id='word_1_44' title='bbox 624 849 756 913; x_wconf 80' lang='lat' dir='ltr'>minine</span> <span class='ocrx_word' id='word_1_45' title='bbox 781 847 915 934; x_wconf 76' lang='lat' dir='ltr'>quiden</span> <span class='ocrx_word' id='word_1_46' title='bbox 940 846 1076 912; x_wconf 83' lang='lat' dir='ltr'>fictitia.</span> <span class='ocrx_word' id='word_1_47' title='bbox 1115 843 1183 911; x_wconf 78' lang='lat' dir='ltr'>Nes</span> 
     </span>
     <span class='ocr_line' id='line_1_7' title="bbox 133 944 1181 1034; baseline -0.008 -15"><span class='ocrx_word' id='word_1_48' title='bbox 133 952 268 1019; x_wconf 77' lang='lat' dir='ltr'>verbum</span> <span class='ocrx_word' id='word_1_49' title='bbox 283 944 530 1034; x_wconf 78' lang='grc' dir='ltr'>φαντάζεσθαι</span> <span class='ocrx_word' id='word_1_50' title='bbox 541 948 583 1012; x_wconf 80' lang='lat' dir='ltr'>tle</span> <span class='ocrx_word' id='word_1_51' title='bbox 596 949 724 1034; x_wconf 75' lang='lat' dir='ltr'>quavis,</span> <span class='ocrx_word' id='word_1_52' title='bbox 746 949 818 1011; x_wconf 81' lang='lat' dir='ltr'>sire</span> <span class='ocrx_word' id='word_1_53' title='bbox 830 969 918 1013; x_wconf 83' lang='lat' dir='ltr'>rane</span> <span class='ocrx_word' id='word_1_54' title='bbox 929 960 968 1012; x_wconf 86' lang='lat' dir='ltr'>et</span> <span class='ocrx_word' id='word_1_55' title='bbox 980 946 1110 1029; x_wconf 83' lang='lat' dir='ltr'>fictitie,</span> <span class='ocrx_word' id='word_1_56' title='bbox 1128 949 1181 1011; x_wconf 82' lang='lat' dir='ltr'>sim</span> 
     </span>
     <span class='ocr_line' id='line_1_8' title="bbox 134 1040 1182 1136; baseline -0.005 -17"><span class='ocrx_word' id='word_1_57' title='bbox 134 1076 215 1121; x_wconf 81' lang='lat' dir='ltr'>sere</span> <span class='ocrx_word' id='word_1_58' title='bbox 231 1052 342 1136; x_wconf 86' lang='lat' dir='ltr'>specie</span> <span class='ocrx_word' id='word_1_59' title='bbox 364 1062 397 1113; x_wconf 87' lang='lat' dir='ltr'>ct</span> <span class='ocrx_word' id='word_1_60' title='bbox 417 1049 560 1132; x_wconf 73' lang='lat' dir='ltr'>imagine</span> <span class='ocrx_word' id='word_1_61' title='bbox 583 1061 758 1134; x_wconf 81' lang='lat' dir='ltr'>usurpetur</span> <span class='ocrx_word' id='word_1_62' title='bbox 787 1047 928 1113; x_wconf 83' lang='lat' dir='ltr'>Herodi.</span> <span class='ocrx_word' id='word_1_63' title='bbox 941 1053 979 1129; x_wconf 88' lang='lat'>8,</span> <span class='ocrx_word' id='word_1_64' title='bbox 995 1053 1031 1113; x_wconf 99' lang='grc'><strong>3.</strong></span> <span class='ocrx_word' id='word_1_65' title='bbox 1046 1055 1100 1113; x_wconf 91' lang='grc'><strong>21.</strong></span> <span class='ocrx_word' id='word_1_66' title='bbox 1117 1040 1182 1131; x_wconf 69' lang='grc' dir='ltr'>ὅπερ</span> 
     </span>
     <span class='ocr_line' id='line_1_9' title="bbox 132 1145 1182 1237; baseline -0.008 -14"><span class='ocrx_word' id='word_1_67' title='bbox 132 1156 199 1223; x_wconf 82' lang='grc' dir='ltr'><strong><em>εἴτε</em></strong></span> <span class='ocrx_word' id='word_1_68' title='bbox 213 1151 355 1230; x_wconf 49' lang='lat' dir='ltr'>silari&amp;</span> <span class='ocrx_word' id='word_1_69' title='bbox 367 1145 574 1237; x_wconf 69' lang='grc' dir='ltr'><strong><em>ἔφοντάοθη</em></strong></span> <span class='ocrx_word' id='word_1_70' title='bbox 588 1149 678 1215; x_wconf 81' lang='grc' dir='ltr'><strong><em>τιοὶν</em></strong></span> <span class='ocrx_word' id='word_1_71' title='bbox 688 1151 775 1237; x_wconf 62' lang='lat' dir='ltr'>ped</span> <span class='ocrx_word' id='word_1_72' title='bbox 784 1159 894 1214; x_wconf 74' lang='lat' dir='ltr'>stre·</span> <span class='ocrx_word' id='word_1_73' title='bbox 903 1168 990 1213; x_wconf 77' lang='lat' dir='ltr'>esre</span> <span class='ocrx_word' id='word_1_74' title='bbox 1000 1155 1106 1215; x_wconf 71' lang='lat' dir='ltr'>cies·</span> <span class='ocrx_word' id='word_1_75' title='bbox 1122 1154 1182 1215; x_wconf 82' lang='lat' dir='ltr'>sits</span> 
     </span>
     <span class='ocr_line' id='line_1_10' title="bbox 133 1238 1184 1346; baseline -0.004 -28"><span class='ocrx_word' id='word_1_76' title='bbox 133 1254 326 1346; x_wconf 66' lang='lat' dir='ltr'>quibusdan·</span> <span class='ocrx_word' id='word_1_77' title='bbox 347 1248 422 1315; x_wconf 84' lang='lat' dir='ltr'>Ael.</span> <span class='ocrx_word' id='word_1_78' title='bbox 444 1248 490 1315; x_wconf 89' lang='grc' dir='ltr'>Η.</span> <span class='ocrx_word' id='word_1_79' title='bbox 514 1248 559 1316; x_wconf 84' lang='lat' dir='ltr'>V.</span> <span class='ocrx_word' id='word_1_80' title='bbox 581 1256 634 1331; x_wconf 77' lang='lat'>1³,</span> <span class='ocrx_word' id='word_1_81' title='bbox 658 1238 754 1317; x_wconf 66' lang='grc' dir='ltr'><strong>1.·Ἆτ</strong></span> <span class='ocrx_word' id='word_1_82' title='bbox 775 1249 835 1329; x_wconf 74' lang='grc' dir='ltr'>τῆς</span> <span class='ocrx_word' id='word_1_83' title='bbox 852 1245 998 1336; x_wconf 52' lang='lat' dir='ltr'>sperne</span> <span class='ocrx_word' id='word_1_84' title='bbox 1012 1247 1184 1340; x_wconf 74' lang='grc' dir='ltr'><strong><em>φαντασίας</em></strong></span> 
     </span>
     <span class='ocr_line' id='line_1_11' title="bbox 132 1349 1182 1439; baseline -0.007 -14"><span class='ocrx_word' id='word_1_85' title='bbox 132 1352 331 1435; x_wconf 68' lang='grc' dir='ltr'>ἐκπλήττειν</span> <span class='ocrx_word' id='word_1_86' title='bbox 337 1357 445 1437; x_wconf 75' lang='lat' dir='ltr'>prino</span> <span class='ocrx_word' id='word_1_87' title='bbox 455 1356 540 1433; x_wconf 65' lang='grc' dir='ltr'>ἐμίν</span> <span class='ocrx_word' id='word_1_88' title='bbox 558 1358 730 1439; x_wconf 72' lang='lat' dir='ltr'>conspecte</span> <span class='ocrx_word' id='word_1_89' title='bbox 745 1361 941 1438; x_wconf 77' lang='lat' dir='ltr'>perterrere</span> <span class='ocrx_word' id='word_1_90' title='bbox 956 1349 1005 1415; x_wconf 78' lang='lat' dir='ltr'>cf.</span> <span class='ocrx_word' id='word_1_91' title='bbox 1028 1350 1182 1418; x_wconf 75' lang='lat' dir='ltr'>Velcitss·</span> 
     </span>
     <span class='ocr_line' id='line_1_12' title="bbox 131 1448 1183 1537; baseline -0.01 -12"><span class='ocrx_word' id='word_1_92' title='bbox 131 1467 203 1528; x_wconf 77' lang='lat' dir='ltr'>riso</span> <span class='ocrx_word' id='word_1_93' title='bbox 217 1453 258 1520; x_wconf 82' lang='lat' dir='ltr'>ed</span> <span class='ocrx_word' id='word_1_94' title='bbox 275 1452 389 1536; x_wconf 81' lang='lat' dir='ltr'>Eurip.</span> <span class='ocrx_word' id='word_1_95' title='bbox 401 1450 525 1515; x_wconf 84' lang='lat' dir='ltr'>Plsoen.</span> <span class='ocrx_word' id='word_1_96' title='bbox 538 1469 571 1514; x_wconf 84' lang='lat' dir='ltr'>v.</span> <span class='ocrx_word' id='word_1_97' title='bbox 587 1454 641 1515; x_wconf 89' lang='grc'><strong>93.</strong></span> <span class='ocrx_word' id='word_1_98' title='bbox 664 1448 843 1519; x_wconf 71' lang='lat' dir='ltr'>Orestem</span> <span class='ocrx_word' id='word_1_99' title='bbox 856 1451 902 1515; x_wconf 78' lang='lat' dir='ltr'>etl</span> <span class='ocrx_word' id='word_1_100' title='bbox 921 1448 1057 1515; x_wconf 82' lang='lat' dir='ltr'>Plotin.</span> <span class='ocrx_word' id='word_1_101' title='bbox 1075 1451 1116 1515; x_wconf 86' lang='lat' dir='ltr'>de</span> <span class='ocrx_word' id='word_1_102' title='bbox 1127 1449 1183 1537; x_wconf 86' lang='lat' dir='ltr'>psl-</span> 
     </span>
     <span class='ocr_line' id='line_1_13' title="bbox 132 1548 1183 1643; baseline -0.01 -16"><span class='ocrx_word' id='word_1_103' title='bbox 132 1562 203 1627; x_wconf 74' lang='lat' dir='ltr'>erit.</span> <span class='ocrx_word' id='word_1_104' title='bbox 215 1579 248 1643; x_wconf 89' lang='lat' dir='ltr'>p.</span> <span class='ocrx_word' id='word_1_105' title='bbox 262 1558 324 1619; x_wconf 78' lang='lat'>135</span> <span class='ocrx_word' id='word_1_106' title='bbox 340 1573 390 1638; x_wconf 81' lang='lat' dir='ltr'>sq.</span> <span class='ocrx_word' id='word_1_107' title='bbox 430 1550 475 1615; x_wconf 86' lang='grc' dir='ltr'><strong>Η.</strong></span> <span class='ocrx_word' id='word_1_108' title='bbox 490 1549 514 1615; x_wconf 80' lang='lat' dir='ltr'>L</span> <span class='ocrx_word' id='word_1_109' title='bbox 527 1548 753 1636; x_wconf 73' lang='lat' dir='ltr'>intetlignntur</span> <span class='ocrx_word' id='word_1_110' title='bbox 771 1550 914 1638; x_wconf 72' lang='lat' dir='ltr'>fulgure,</span> <span class='ocrx_word' id='word_1_111' title='bbox 934 1555 1102 1635; x_wconf 75' lang='lat' dir='ltr'>tonitrua,</span> <span class='ocrx_word' id='word_1_112' title='bbox 1120 1550 1183 1617; x_wconf 67' lang='lat' dir='ltr'>ali</span> 
     </span>
     <span class='ocr_line' id='line_1_14' title="bbox 131 1647 1182 1749; baseline -0.003 -25"><span class='ocrx_word' id='word_1_113' title='bbox 131 1684 175 1749; x_wconf 71' lang='lat' dir='ltr'>go</span> <span class='ocrx_word' id='word_1_114' title='bbox 196 1680 229 1724; x_wconf 83' lang='lat' dir='ltr'>v.</span> <span class='ocrx_word' id='word_1_115' title='bbox 248 1661 301 1721; x_wconf 84' lang='grc'><strong>18.</strong></span> <span class='ocrx_word' id='word_1_116' title='bbox 325 1659 377 1717; x_wconf 90' lang='grc'><strong>19.</strong></span> <span class='ocrx_word' id='word_1_117' title='bbox 413 1650 479 1715; x_wconf 85' lang='lat' dir='ltr'>Ex.</span> <span class='ocrx_word' id='word_1_118' title='bbox 501 1656 554 1732; x_wconf 87' lang='lat'>2⁰,</span> <span class='ocrx_word' id='word_1_119' title='bbox 576 1657 628 1716; x_wconf 87' lang='grc'><strong>18.</strong></span> <span class='ocrx_word' id='word_1_120' title='bbox 655 1647 805 1739; x_wconf 72' lang='grc' dir='ltr'><strong><em>ἔνφοβός</em></strong></span> <span class='ocrx_word' id='word_1_121' title='bbox 832 1647 903 1736; x_wconf 76' lang='grc' dir='ltr'>εἰμι</span> <span class='ocrx_word' id='word_1_122' title='bbox 929 1653 1000 1717; x_wconf 84' lang='grc' dir='ltr'>ναὶ</span> <span class='ocrx_word' id='word_1_123' title='bbox 1022 1651 1182 1740; x_wconf 74' lang='grc' dir='ltr'><strong><em>ἔντρομος]</em></strong></span> 
     </span>
     <span class='ocr_line' id='line_1_15' title="bbox 95 1752 1185 1842; baseline -0.007 -13"><span class='ocrx_word' id='word_1_124' title='bbox 95 1752 99 1759; x_wconf 71' lang='grc'>’</span> <span class='ocrx_word' id='word_1_125' title='bbox 131 1772 260 1828; x_wconf 80' lang='lat' dir='ltr'>terrore</span> <span class='ocrx_word' id='word_1_126' title='bbox 275 1756 418 1839; x_wconf 78' lang='lat' dir='ltr'>repletus</span> <span class='ocrx_word' id='word_1_127' title='bbox 434 1774 501 1819; x_wconf 72' lang='lat' dir='ltr'>sss</span> <span class='ocrx_word' id='word_1_128' title='bbox 514 1760 549 1816; x_wconf 82' lang='lat' dir='ltr'>et</span> <span class='ocrx_word' id='word_1_129' title='bbox 565 1761 785 1819; x_wconf 76' lang='lat' dir='ltr'>costrcsriwo.</span> <span class='ocrx_word' id='word_1_130' title='bbox 824 1753 979 1818; x_wconf 84' lang='lat' dir='ltr'>Fuerant</span> <span class='ocrx_word' id='word_1_131' title='bbox 1002 1757 1062 1842; x_wconf 83' lang='lat' dir='ltr'>qni</span> <span class='ocrx_word' id='word_1_132' title='bbox 1084 1756 1185 1821; x_wconf 81' lang='lat' dir='ltr'>existi·</span> 
     </span>
     <span class='ocr_line' id='line_1_16' title="bbox 130 1850 1184 1945; baseline -0.006 -18"><span class='ocrx_word' id='word_1_133' title='bbox 130 1872 267 1938; x_wconf 84' lang='lat' dir='ltr'>merent,</span> <span class='ocrx_word' id='word_1_134' title='bbox 288 1852 448 1939; x_wconf 83' lang='lat' dir='ltr'>epistolae</span> <span class='ocrx_word' id='word_1_135' title='bbox 461 1864 627 1918; x_wconf 78' lang='lat' dir='ltr'>auctorem</span> <span class='ocrx_word' id='word_1_136' title='bbox 646 1857 838 1939; x_wconf 70' lang='lat' dir='ltr'>respexisse</span> <span class='ocrx_word' id='word_1_137' title='bbox 858 1850 968 1919; x_wconf 83' lang='lat' dir='ltr'>rerba</span> <span class='ocrx_word' id='word_1_138' title='bbox 983 1853 1098 1923; x_wconf 82' lang='lat' dir='ltr'>Moris</span> <span class='ocrx_word' id='word_1_139' title='bbox 1116 1877 1184 1945; x_wconf 82' lang='lat' dir='ltr'>queo</span> 
     </span>
     <span class='ocr_line' id='line_1_17' title="bbox 131 1951 1184 2049; baseline -0.001 -26"><span class='ocrx_word' id='word_1_140' title='bbox 131 1964 282 2049; x_wconf 74' lang='lat' dir='ltr'>leguntur</span> <span class='ocrx_word' id='word_1_141' title='bbox 293 1954 393 2018; x_wconf 87' lang='lat' dir='ltr'>Dent.</span> <span class='ocrx_word' id='word_1_142' title='bbox 407 1959 439 2035; x_wconf 92' lang='grc'>9,</span> <span class='ocrx_word' id='word_1_143' title='bbox 457 1960 508 2019; x_wconf 90' lang='grc'>19.</span> <span class='ocrx_word' id='word_1_144' title='bbox 530 1955 589 2018; x_wconf 80' lang='grc' dir='ltr'>καὶ</span> <span class='ocrx_word' id='word_1_145' title='bbox 603 1951 754 2042; x_wconf 74' lang='grc' dir='ltr'><strong><em>ἔκφοβὸς</em></strong></span> <span class='ocrx_word' id='word_1_146' title='bbox 767 1951 838 2038; x_wconf 77' lang='grc' dir='ltr'>εἰμι</span> <span class='ocrx_word' id='word_1_147' title='bbox 851 1952 912 2023; x_wconf 67' lang='lat' dir='ltr'>oso</span> <span class='ocrx_word' id='word_1_148' title='bbox 927 1953 1001 2034; x_wconf 72' lang='grc' dir='ltr'>τήν</span> <span class='ocrx_word' id='word_1_149' title='bbox 1015 1954 1124 2045; x_wconf 71' lang='grc' dir='ltr'><strong><em>ὀργήν</em></strong></span> <span class='ocrx_word' id='word_1_150' title='bbox 1138 1955 1184 2022; x_wconf 81' lang='lat' dir='ltr'>sol</span> 
     </span>
     <span class='ocr_line' id='line_1_18' title="bbox 132 2049 1182 2146; baseline -0.008 -14"><span class='ocrx_word' id='word_1_151' title='bbox 132 2063 193 2131; x_wconf 87' lang='grc' dir='ltr'>τὸν</span> <span class='ocrx_word' id='word_1_152' title='bbox 213 2054 342 2141; x_wconf 71' lang='grc' dir='ltr'><strong><em>θυμὸν,</em></strong></span> <span class='ocrx_word' id='word_1_153' title='bbox 363 2049 417 2122; x_wconf 77' lang='lat' dir='ltr'>tu</span> <span class='ocrx_word' id='word_1_154' title='bbox 440 2050 648 2138; x_wconf 73' lang='grc' dir='ltr'><strong><em>παρωξύνθη</em></strong></span> <span class='ocrx_word' id='word_1_155' title='bbox 669 2053 786 2141; x_wconf 78' lang='grc' dir='ltr'><strong><em>κύριος</em></strong></span> <span class='ocrx_word' id='word_1_156' title='bbox 805 2054 861 2146; x_wconf 72' lang='lat' dir='ltr'>tp&#39;</span> <span class='ocrx_word' id='word_1_157' title='bbox 882 2053 980 2139; x_wconf 75' lang='grc' dir='ltr'><strong><em>ὑμῖν,</em></strong></span> <span class='ocrx_word' id='word_1_158' title='bbox 1002 2060 1068 2125; x_wconf 80' lang='grc' dir='ltr'>τοῦ</span> <span class='ocrx_word' id='word_1_159' title='bbox 1088 2057 1182 2137; x_wconf 69' lang='grc' dir='ltr'><strong><em>ἐξολο-</em></strong></span> 
     </span>
     <span class='ocr_line' id='line_1_19' title="bbox 130 2154 1180 2249; baseline 0 -25"><span class='ocrx_word' id='word_1_160' title='bbox 130 2154 385 2249; x_wconf 71' lang='grc' dir='ltr'>θριῖνααιῦμᾶς·</span> <span class='ocrx_word' id='word_1_161' title='bbox 408 2165 505 2241; x_wconf 80' lang='lat' dir='ltr'>etque</span> <span class='ocrx_word' id='word_1_162' title='bbox 523 2157 660 2219; x_wconf 86' lang='lat' dir='ltr'>maioris</span> <span class='ocrx_word' id='word_1_163' title='bbox 679 2155 872 2242; x_wconf 79' lang='lat' dir='ltr'>emphaseos</span> <span class='ocrx_word' id='word_1_164' title='bbox 891 2176 1020 2221; x_wconf 87' lang='lat' dir='ltr'>censse</span> <span class='ocrx_word' id='word_1_165' title='bbox 1034 2158 1180 2223; x_wconf 81' lang='lat' dir='ltr'>addidisse</span> 
     </span>
     <span class='ocr_line' id='line_1_20' title="bbox 127 2252 1181 2347; baseline -0.004 -17"><span class='ocrx_word' id='word_1_166' title='bbox 127 2263 229 2331; x_wconf 83' lang='lat' dir='ltr'>verbe</span> <span class='ocrx_word' id='word_1_167' title='bbox 254 2260 313 2325; x_wconf 79' lang='grc' dir='ltr'>ναὶ</span> <span class='ocrx_word' id='word_1_168' title='bbox 328 2252 496 2341; x_wconf 80' lang='grc' dir='ltr'><strong><em>ἔντρομος.</em></strong></span> <span class='ocrx_word' id='word_1_169' title='bbox 537 2253 590 2320; x_wconf 89' lang='lat' dir='ltr'>Ibi</span> <span class='ocrx_word' id='word_1_170' title='bbox 608 2268 717 2323; x_wconf 81' lang='lat' dir='ltr'>entem</span> <span class='ocrx_word' id='word_1_171' title='bbox 737 2279 802 2323; x_wconf 94' lang='lat' dir='ltr'>non</span> <span class='ocrx_word' id='word_1_172' title='bbox 823 2268 874 2321; x_wconf 88' lang='lat' dir='ltr'>cst</span> <span class='ocrx_word' id='word_1_173' title='bbox 892 2277 1011 2323; x_wconf 82' lang='lat' dir='ltr'>sermo</span> <span class='ocrx_word' id='word_1_174' title='bbox 1037 2260 1079 2325; x_wconf 76' lang='lat' dir='ltr'>tle</span> <span class='ocrx_word' id='word_1_175' title='bbox 1098 2260 1181 2347; x_wconf 71' lang='lat' dir='ltr'>legis·</span> 
     </span>
     <span class='ocr_line' id='line_1_21' title="bbox 128 2355 1179 2448; baseline -0.004 -17"><span class='ocrx_word' id='word_1_176' title='bbox 128 2365 261 2442; x_wconf 88' lang='lat' dir='ltr'>latione,</span> <span class='ocrx_word' id='word_1_177' title='bbox 286 2357 344 2424; x_wconf 90' lang='lat' dir='ltr'>sed</span> <span class='ocrx_word' id='word_1_178' title='bbox 357 2357 398 2421; x_wconf 86' lang='lat' dir='ltr'>de</span> <span class='ocrx_word' id='word_1_179' title='bbox 414 2380 454 2423; x_wconf 87' lang='lat' dir='ltr'>eo</span> <span class='ocrx_word' id='word_1_180' title='bbox 470 2369 627 2441; x_wconf 87' lang='lat' dir='ltr'>tempore,</span> <span class='ocrx_word' id='word_1_181' title='bbox 648 2379 712 2445; x_wconf 83' lang='lat' dir='ltr'>quo</span> <span class='ocrx_word' id='word_1_182' title='bbox 726 2355 839 2423; x_wconf 87' lang='lat' dir='ltr'>Moses</span> <span class='ocrx_word' id='word_1_183' title='bbox 851 2368 929 2443; x_wconf 88' lang='lat' dir='ltr'>post</span> <span class='ocrx_word' id='word_1_184' title='bbox 949 2357 1067 2448; x_wconf 81' lang='lat' dir='ltr'>legem</span> <span class='ocrx_word' id='word_1_185' title='bbox 1090 2361 1179 2429; x_wconf 76' lang='lat' dir='ltr'>conii</span> 
     </span>
     <span class='ocr_line' id='line_1_22' title="bbox 128 2457 1179 2549; baseline 0.002 -25"><span class='ocrx_word' id='word_1_186' title='bbox 128 2480 204 2545; x_wconf 80' lang='lat' dir='ltr'>tam,</span> <span class='ocrx_word' id='word_1_187' title='bbox 225 2461 377 2549; x_wconf 89' lang='lat' dir='ltr'>quoniam</span> <span class='ocrx_word' id='word_1_188' title='bbox 389 2457 559 2523; x_wconf 83' lang='lat' dir='ltr'>[eraclitae</span> <span class='ocrx_word' id='word_1_189' title='bbox 576 2457 681 2524; x_wconf 72' lang='lat' dir='ltr'>ritulo</span> <span class='ocrx_word' id='word_1_190' title='bbox 703 2480 803 2524; x_wconf 85' lang='lat' dir='ltr'>aureo</span> <span class='ocrx_word' id='word_1_191' title='bbox 827 2481 924 2524; x_wconf 89' lang='lat' dir='ltr'>sacre</span> <span class='ocrx_word' id='word_1_192' title='bbox 943 2459 1110 2544; x_wconf 85' lang='lat' dir='ltr'>fecerant,</span> <span class='ocrx_word' id='word_1_193' title='bbox 1128 2461 1179 2526; x_wconf 83' lang='lat' dir='ltr'>llei</span> 
     </span>
     <span class='ocr_line' id='line_1_23' title="bbox 128 2557 1176 2647; baseline -0.003 -16"><span class='ocrx_word' id='word_1_194' title='bbox 128 2571 209 2631; x_wconf 89' lang='lat' dir='ltr'>iram</span> <span class='ocrx_word' id='word_1_195' title='bbox 223 2562 424 2647; x_wconf 84' lang='lat' dir='ltr'>pertimuerit</span> <span class='ocrx_word' id='word_1_196' title='bbox 437 2557 511 2623; x_wconf 86' lang='lat' dir='ltr'>coll.</span> <span class='ocrx_word' id='word_1_197' title='bbox 525 2558 593 2625; x_wconf 78' lang='lat' dir='ltr'>Ex.</span> <span class='ocrx_word' id='word_1_198' title='bbox 605 2565 657 2625; x_wconf 88' lang='grc'><strong>31.</strong></span> <span class='ocrx_word' id='word_1_199' title='bbox 678 2559 827 2625; x_wconf 70' lang='lat' dir='ltr'>Roseae</span> <span class='ocrx_word' id='word_1_200' title='bbox 838 2561 954 2645; x_wconf 77' lang='lat' dir='ltr'>igitur,</span> <span class='ocrx_word' id='word_1_201' title='bbox 979 2573 1019 2624; x_wconf 89' lang='lat' dir='ltr'>ut</span> <span class='ocrx_word' id='word_1_202' title='bbox 1033 2561 1117 2628; x_wconf 77' lang='lat' dir='ltr'>lianc</span> <span class='ocrx_word' id='word_1_203' title='bbox 1130 2562 1176 2627; x_wconf 85' lang='lat' dir='ltr'>dit·</span> 
     </span>
     <span class='ocr_line' id='line_1_24' title="bbox 127 2660 1176 2744; baseline -0.005 -12"><span class='ocrx_word' id='word_1_204' title='bbox 127 2665 303 2732; x_wconf 89' lang='lat' dir='ltr'>ficnltatem</span> <span class='ocrx_word' id='word_1_205' title='bbox 329 2670 528 2741; x_wconf 86' lang='lat' dir='ltr'>removeret,</span> <span class='ocrx_word' id='word_1_206' title='bbox 550 2660 678 2738; x_wconf 90' lang='lat' dir='ltr'>stetuit,</span> <span class='ocrx_word' id='word_1_207' title='bbox 700 2662 889 2744; x_wconf 72' lang='lat' dir='ltr'>respexisse</span> <span class='ocrx_word' id='word_1_208' title='bbox 909 2674 1067 2729; x_wconf 88' lang='lat' dir='ltr'>nostrum</span> <span class='ocrx_word' id='word_1_209' title='bbox 1089 2665 1176 2729; x_wconf 82' lang='lat' dir='ltr'>locus</span> 
     </span>
     <span class='ocr_line' id='line_1_25' title="bbox 128 2758 1174 2856; baseline -0.005 -24"><span class='ocrx_word' id='word_1_210' title='bbox 128 2768 226 2832; x_wconf 85' lang='lat' dir='ltr'>Dent.</span> <span class='ocrx_word' id='word_1_211' title='bbox 240 2772 271 2844; x_wconf 87' lang='lat'>9,</span> <span class='ocrx_word' id='word_1_212' title='bbox 289 2768 341 2825; x_wconf 87' lang='lat'>19.</span> <span class='ocrx_word' id='word_1_213' title='bbox 361 2771 394 2823; x_wconf 87' lang='lat' dir='ltr'>ct</span> <span class='ocrx_word' id='word_1_214' title='bbox 408 2760 571 2824; x_wconf 87' lang='lat' dir='ltr'>rhetorico</span> <span class='ocrx_word' id='word_1_215' title='bbox 584 2758 720 2856; x_wconf 83' lang='lat' dir='ltr'>artificio</span> <span class='ocrx_word' id='word_1_216' title='bbox 735 2758 836 2823; x_wconf 86' lang='lat' dir='ltr'>verbe</span> <span class='ocrx_word' id='word_1_217' title='bbox 848 2758 923 2839; x_wconf 89' lang='lat' dir='ltr'>huc,</span> <span class='ocrx_word' id='word_1_218' title='bbox 952 2783 1022 2848; x_wconf 88' lang='lat' dir='ltr'>qno</span> <span class='ocrx_word' id='word_1_219' title='bbox 1039 2787 1103 2830; x_wconf 92' lang='lat' dir='ltr'>non</span> <span class='ocrx_word' id='word_1_220' title='bbox 1115 2787 1174 2849; x_wconf 87' lang='lat' dir='ltr'>spc-</span> 
     </span>
     <span class='ocr_line' id='line_1_26' title="bbox 128 2858 1174 2946; baseline -0.007 -12"><span class='ocrx_word' id='word_1_221' title='bbox 128 2878 262 2946; x_wconf 89' lang='lat' dir='ltr'>ctarent,</span> <span class='ocrx_word' id='word_1_222' title='bbox 276 2858 490 2940; x_wconf 78' lang='lat' dir='ltr'>transtulisse,</span> <span class='ocrx_word' id='word_1_223' title='bbox 501 2872 534 2923; x_wconf 92' lang='lat' dir='ltr'>ut</span> <span class='ocrx_word' id='word_1_224' title='bbox 547 2859 731 2925; x_wconf 87' lang='lat' dir='ltr'>ostenderet</span> <span class='ocrx_word' id='word_1_225' title='bbox 743 2858 872 2944; x_wconf 91' lang='lat' dir='ltr'>plenam</span> <span class='ocrx_word' id='word_1_226' title='bbox 886 2859 999 2928; x_wconf 85' lang='lat' dir='ltr'>fnisse</span> <span class='ocrx_word' id='word_1_227' title='bbox 1015 2864 1174 2930; x_wconf 85' lang='lat' dir='ltr'>terroribus</span> 
     </span>
     <span class='ocr_line' id='line_1_27' title="bbox 127 2955 1173 3034; baseline -0.003 -1"><span class='ocrx_word' id='word_1_228' title='bbox 127 2955 360 3034; x_wconf 72' lang='lat' dir='ltr'>institutionem</span> <span class='ocrx_word' id='word_1_229' title='bbox 376 2960 566 3027; x_wconf 88' lang='lat' dir='ltr'>Mosaicam.</span> <span class='ocrx_word' id='word_1_230' title='bbox 609 2959 671 3025; x_wconf 85' lang='lat' dir='ltr'>cui</span> <span class='ocrx_word' id='word_1_231' title='bbox 691 2961 871 3024; x_wconf 82' lang='lat' dir='ltr'>sentcntiae</span> <span class='ocrx_word' id='word_1_232' title='bbox 888 2959 1082 3031; x_wconf 88' lang='lat' dir='ltr'>subscribo.</span> <span class='ocrx_word' id='word_1_233' title='bbox 1121 2963 1173 3029; x_wconf 79' lang='lat' dir='ltr'>Alii</span> 
     </span>
     <span class='ocr_line' id='line_1_28' title="bbox 127 3059 1169 3154; baseline -0.006 -21"><span class='ocrx_word' id='word_1_234' title='bbox 127 3068 251 3154; x_wconf 90' lang='lat' dir='ltr'>opinati</span> <span class='ocrx_word' id='word_1_235' title='bbox 263 3074 337 3154; x_wconf 82' lang='lat' dir='ltr'>sunt</span> <span class='ocrx_word' id='word_1_236' title='bbox 350 3061 431 3126; x_wconf 90' lang='lat' dir='ltr'>haec</span> <span class='ocrx_word' id='word_1_237' title='bbox 446 3060 551 3126; x_wconf 89' lang='lat' dir='ltr'>Mosis</span> <span class='ocrx_word' id='word_1_238' title='bbox 569 3060 671 3127; x_wconf 88' lang='lat' dir='ltr'>verbe</span> <span class='ocrx_word' id='word_1_239' title='bbox 684 3059 841 3146; x_wconf 88' lang='lat' dir='ltr'>epistolae</span> <span class='ocrx_word' id='word_1_240' title='bbox 856 3061 1037 3148; x_wconf 89' lang='lat' dir='ltr'>conditori,</span> <span class='ocrx_word' id='word_1_241' title='bbox 1050 3065 1169 3142; x_wconf 83' lang='lat' dir='ltr'>aliunde,</span> 
     </span>
     <span class='ocr_line' id='line_1_29' title="bbox 125 3161 1152 3248; baseline -0.005 -15"><span class='ocrx_word' id='word_1_242' title='bbox 125 3168 180 3233; x_wconf 88' lang='lat' dir='ltr'>vel</span> <span class='ocrx_word' id='word_1_243' title='bbox 192 3188 236 3232; x_wconf 85' lang='lat' dir='ltr'>ex</span> <span class='ocrx_word' id='word_1_244' title='bbox 251 3163 422 3228; x_wconf 80' lang='lat' dir='ltr'>tratlitionc</span> <span class='ocrx_word' id='word_1_245' title='bbox 437 3162 493 3225; x_wconf 89' lang='lat' dir='ltr'>vel</span> <span class='ocrx_word' id='word_1_246' title='bbox 507 3184 553 3229; x_wconf 85' lang='lat' dir='ltr'>ex</span> <span class='ocrx_word' id='word_1_247' title='bbox 564 3161 649 3227; x_wconf 90' lang='lat' dir='ltr'>libro</span> <span class='ocrx_word' id='word_1_248' title='bbox 662 3162 845 3248; x_wconf 86' lang='lat' dir='ltr'>apocrypho</span> <span class='ocrx_word' id='word_1_249' title='bbox 861 3180 1037 3248; x_wconf 90' lang='lat' dir='ltr'>comperta</span> <span class='ocrx_word' id='word_1_250' title='bbox 1054 3167 1152 3231; x_wconf 81' lang='lat' dir='ltr'>luisse</span> 
     </span>
    </p>

    <p class='ocr_par' dir='ltr' id='par_1_3' title="bbox 123 3260 1167 4253">
     <span class='ocr_line' id='line_1_30' title="bbox 208 3260 1167 3351; baseline -0.002 -23"><span class='ocrx_word' id='word_1_251' title='bbox 208 3272 260 3328; x_wconf 90' lang='lat'>22.</span> <span class='ocrx_word' id='word_1_252' title='bbox 282 3260 385 3338; x_wconf 80' lang='lat' dir='ltr'>Quam</span> <span class='ocrx_word' id='word_1_253' title='bbox 404 3274 514 3326; x_wconf 88' lang='lat' dir='ltr'>ornate</span> <span class='ocrx_word' id='word_1_254' title='bbox 531 3284 563 3328; x_wconf 90' lang='lat' dir='ltr'>v.</span> <span class='ocrx_word' id='word_1_255' title='bbox 579 3271 620 3327; x_wconf 88' lang='lat'>22</span> <span class='ocrx_word' id='word_1_256' title='bbox 636 3285 684 3351; x_wconf 87' lang='lat' dir='ltr'>sq.</span> <span class='ocrx_word' id='word_1_257' title='bbox 708 3260 835 3348; x_wconf 82' lang='lat' dir='ltr'>singula</span> <span class='ocrx_word' id='word_1_258' title='bbox 858 3263 948 3328; x_wconf 88' lang='lat' dir='ltr'>dicta</span> <span class='ocrx_word' id='word_1_259' title='bbox 972 3269 1050 3348; x_wconf 90' lang='lat' dir='ltr'>sint,</span> <span class='ocrx_word' id='word_1_260' title='bbox 1071 3263 1167 3330; x_wconf 73' lang='lat' dir='ltr'>intelli</span> 
     </span>
     <span class='ocr_line' id='line_1_31' title="bbox 125 3362 1164 3454; baseline -0.003 -26"><span class='ocrx_word' id='word_1_261' title='bbox 125 3390 196 3454; x_wconf 81' lang='lat' dir='ltr'>ges,</span> <span class='ocrx_word' id='word_1_262' title='bbox 217 3367 247 3428; x_wconf 91' lang='lat' dir='ltr'>si</span> <span class='ocrx_word' id='word_1_263' title='bbox 261 3374 392 3448; x_wconf 87' lang='lat' dir='ltr'>reputes</span> <span class='ocrx_word' id='word_1_264' title='bbox 407 3363 525 3427; x_wconf 86' lang='lat' dir='ltr'>nudam</span> <span class='ocrx_word' id='word_1_265' title='bbox 540 3375 572 3427; x_wconf 90' lang='lat' dir='ltr'>et</span> <span class='ocrx_word' id='word_1_266' title='bbox 583 3362 763 3447; x_wconf 82' lang='lat' dir='ltr'>simplicem</span> <span class='ocrx_word' id='word_1_267' title='bbox 777 3365 976 3432; x_wconf 85' lang='lat' dir='ltr'>sententiam</span> <span class='ocrx_word' id='word_1_268' title='bbox 993 3390 1069 3432; x_wconf 87' lang='lat' dir='ltr'>esse</span> <span class='ocrx_word' id='word_1_269' title='bbox 1089 3369 1164 3431; x_wconf 83' lang='lat' dir='ltr'>hanc:</span> 
     </span>
     <span class='ocr_line' id='line_1_32' title="bbox 124 3462 1165 3550; baseline -0.003 -18"><span class='ocrx_word' id='word_1_270' title='bbox 124 3490 184 3532; x_wconf 86' lang='lat' dir='ltr'>vos</span> <span class='ocrx_word' id='word_1_271' title='bbox 215 3466 387 3547; x_wconf 80' lang='lat' dir='ltr'>accepistis</span> <span class='ocrx_word' id='word_1_272' title='bbox 406 3462 599 3548; x_wconf 82' lang='lat' dir='ltr'>religionem</span> <span class='ocrx_word' id='word_1_273' title='bbox 619 3465 902 3550; x_wconf 83' lang='lat' dir='ltr'>praestantiorem,</span> <span class='ocrx_word' id='word_1_274' title='bbox 920 3464 1109 3548; x_wconf 87' lang='lat' dir='ltr'>laetiorem,</span> <span class='ocrx_word' id='word_1_275' title='bbox 1127 3488 1165 3529; x_wconf 86' lang='lat' dir='ltr'>ee·</span> 
     </span>
     <span class='ocr_line' id='line_1_33' title="bbox 125 3561 1165 3649; baseline 0.001 -16"><span class='ocrx_word' id='word_1_276' title='bbox 125 3582 217 3633; x_wconf 89' lang='lat' dir='ltr'>terna</span> <span class='ocrx_word' id='word_1_277' title='bbox 234 3561 491 3632; x_wconf 84' lang='lat' dir='ltr'>vita-beatorem.</span> <span class='ocrx_word' id='word_1_278' title='bbox 535 3563 580 3649; x_wconf 77' lang='lat' dir='ltr'>[lt</span> <span class='ocrx_word' id='word_1_279' title='bbox 602 3564 781 3629; x_wconf 86' lang='lat' dir='ltr'>declareret</span> <span class='ocrx_word' id='word_1_280' title='bbox 802 3566 958 3649; x_wconf 82' lang='lat' dir='ltr'>scriptor,</span> <span class='ocrx_word' id='word_1_281' title='bbox 981 3567 1066 3633; x_wconf 86' lang='lat' dir='ltr'>hanc</span> <span class='ocrx_word' id='word_1_282' title='bbox 1087 3565 1165 3632; x_wconf 80' lang='lat' dir='ltr'>besti·</span> 
     </span>
     <span class='ocr_line' id='line_1_34' title="bbox 124 3663 1163 3755; baseline 0.004 -23"><span class='ocrx_word' id='word_1_283' title='bbox 124 3680 224 3732; x_wconf 88' lang='lat' dir='ltr'>tetcm</span> <span class='ocrx_word' id='word_1_284' title='bbox 246 3663 367 3728; x_wconf 89' lang='lat' dir='ltr'>Christi</span> <span class='ocrx_word' id='word_1_285' title='bbox 389 3663 566 3729; x_wconf 89' lang='lat' dir='ltr'>cultoribus</span> <span class='ocrx_word' id='word_1_286' title='bbox 589 3666 800 3729; x_wconf 85' lang='lat' dir='ltr'>certissimam</span> <span class='ocrx_word' id='word_1_287' title='bbox 823 3687 914 3755; x_wconf 82' lang='lat' dir='ltr'>esse,</span> <span class='ocrx_word' id='word_1_288' title='bbox 947 3670 1035 3736; x_wconf 86' lang='lat' dir='ltr'>adeo</span> <span class='ocrx_word' id='word_1_289' title='bbox 1055 3680 1163 3743; x_wconf 71' lang='lat' dir='ltr'>certes,</span> 
     </span>
     <span class='ocr_line' id='line_1_35' title="bbox 126 3762 1163 3852; baseline -0.006 -17"><span class='ocrx_word' id='word_1_290' title='bbox 126 3793 163 3834; x_wconf 88' lang='lat' dir='ltr'>ac</span> <span class='ocrx_word' id='word_1_291' title='bbox 187 3770 215 3833; x_wconf 91' lang='lat' dir='ltr'>si</span> <span class='ocrx_word' id='word_1_292' title='bbox 237 3789 277 3830; x_wconf 87' lang='lat' dir='ltr'>ea</span> <span class='ocrx_word' id='word_1_293' title='bbox 301 3767 365 3831; x_wconf 88' lang='lat' dir='ltr'>iam</span> <span class='ocrx_word' id='word_1_294' title='bbox 385 3766 641 3849; x_wconf 82' lang='lat' dir='ltr'>perfruerentur:</span> <span class='ocrx_word' id='word_1_295' title='bbox 669 3767 805 3844; x_wconf 87' lang='lat' dir='ltr'>adiistis,</span> <span class='ocrx_word' id='word_1_296' title='bbox 829 3766 952 3852; x_wconf 86' lang='lat' dir='ltr'>inquit,</span> <span class='ocrx_word' id='word_1_297' title='bbox 977 3769 1110 3851; x_wconf 78' lang='lat' dir='ltr'>coelun,</span> <span class='ocrx_word' id='word_1_298' title='bbox 1125 3762 1163 3829; x_wconf 86' lang='lat' dir='ltr'>si·</span> 
     </span>
     <span class='ocr_line' id='line_1_36' title="bbox 124 3862 1159 3951; baseline 0.002 -18"><span class='ocrx_word' id='word_1_299' title='bbox 124 3882 189 3933; x_wconf 90' lang='lat' dir='ltr'>tem</span> <span class='ocrx_word' id='word_1_300' title='bbox 203 3865 376 3931; x_wconf 87' lang='lat' dir='ltr'>coelestem</span> <span class='ocrx_word' id='word_1_301' title='bbox 389 3867 504 3951; x_wconf 88' lang='lat' dir='ltr'>ipsam.</span> <span class='ocrx_word' id='word_1_302' title='bbox 547 3865 623 3930; x_wconf 91' lang='lat' dir='ltr'>Non</span> <span class='ocrx_word' id='word_1_303' title='bbox 638 3887 711 3928; x_wconf 87' lang='lat' dir='ltr'>esse</span> <span class='ocrx_word' id='word_1_304' title='bbox 729 3865 761 3931; x_wconf 90' lang='lat' dir='ltr'>h.</span> <span class='ocrx_word' id='word_1_305' title='bbox 777 3865 801 3929; x_wconf 94' lang='lat' dir='ltr'>l.</span> <span class='ocrx_word' id='word_1_306' title='bbox 816 3887 1010 3936; x_wconf 89' lang='lat' dir='ltr'>sermonem</span> <span class='ocrx_word' id='word_1_307' title='bbox 1025 3872 1064 3935; x_wconf 87' lang='lat' dir='ltr'>de</span> <span class='ocrx_word' id='word_1_308' title='bbox 1079 3862 1159 3935; x_wconf 72' lang='lat' dir='ltr'>otelt-</span> 
     </span>
     <span class='ocr_line' id='line_1_37' title="bbox 125 3964 1158 4058; baseline -0.006 -25"><span class='ocrx_word' id='word_1_309' title='bbox 125 3972 176 4033; x_wconf 89' lang='lat' dir='ltr'>sia</span> <span class='ocrx_word' id='word_1_310' title='bbox 198 3967 380 4046; x_wconf 85' lang='lat' dir='ltr'>christiana,</span> <span class='ocrx_word' id='word_1_311' title='bbox 404 3966 506 4053; x_wconf 84' lang='lat' dir='ltr'>qualis</span> <span class='ocrx_word' id='word_1_312' title='bbox 530 3966 581 4030; x_wconf 89' lang='lat' dir='ltr'>his</span> <span class='ocrx_word' id='word_1_313' title='bbox 598 3967 633 4028; x_wconf 91' lang='lat' dir='ltr'>in</span> <span class='ocrx_word' id='word_1_314' title='bbox 652 3969 746 4033; x_wconf 88' lang='lat' dir='ltr'>terris</span> <span class='ocrx_word' id='word_1_315' title='bbox 766 3976 826 4045; x_wconf 87' lang='lat' dir='ltr'>est,</span> <span class='ocrx_word' id='word_1_316' title='bbox 847 3989 908 4050; x_wconf 85' lang='lat' dir='ltr'>pro</span> <span class='ocrx_word' id='word_1_317' title='bbox 934 3964 1158 4058; x_wconf 66' lang='lat' dir='ltr'>qua‘sentcntie</span> 
     </span>
     <span class='ocr_line' id='line_1_38' title="bbox 123 4066 1155 4152; baseline 0.001 -20"><span class='ocrx_word' id='word_1_318' title='bbox 123 4069 275 4132; x_wconf 85' lang='lat' dir='ltr'>dixerunt</span> <span class='ocrx_word' id='word_1_319' title='bbox 323 4066 610 4148; x_wconf 76' lang='lat' dir='ltr'>Borrmgortens&#39;ss,</span> <span class='ocrx_word' id='word_1_320' title='bbox 659 4067 955 4152; x_wconf 79' lang='lat' dir='ltr'>Moldeolraoerus,</span> <span class='ocrx_word' id='word_1_321' title='bbox 1005 4074 1155 4142; x_wconf 70' lang='lat' dir='ltr'>Cresima</span> 
     </span>
     <span class='ocr_line' id='line_1_39' title="bbox 126 4160 1153 4253; baseline -0.001 -20"><span class='ocrx_word' id='word_1_322' title='bbox 126 4166 339 4247; x_wconf 67' lang='lat' dir='ltr'>strueremus,</span> <span class='ocrx_word' id='word_1_323' title='bbox 360 4166 527 4234; x_wconf 80' lang='lat' dir='ltr'>Bloscln‘ur</span> <span class='ocrx_word' id='word_1_324' title='bbox 551 4168 597 4251; x_wconf 88' lang='lat' dir='ltr'>(in</span> <span class='ocrx_word' id='word_1_325' title='bbox 623 4165 860 4253; x_wconf 72' lang='lat' dir='ltr'>Syrtenrotr‘scls.</span> <span class='ocrx_word' id='word_1_326' title='bbox 884 4170 1103 4240; x_wconf 78' lang='lat' dir='ltr'>Koressester.</span> <span class='ocrx_word' id='word_1_327' title='bbox 1117 4160 1153 4231; x_wconf 74' lang='lat' dir='ltr'>tl·</span> 
     </span>
    </p>
   </div>
   <div class='ocr_carea' id='block_1_3' title="bbox 0 0 1320 4740">
    <p class='ocr_par' dir='ltr' id='par_1_4' title="bbox 0 0 1320 4740">
     <span class='ocr_line' id='line_1_40' title="bbox 0 0 1320 4740; baseline 0 2"><span class='ocrx_word' id='word_1_328' title='bbox 0 0 1320 4740; x_wconf 95' lang='lat' dir='ltr'> </span> 
     </span>
    </p>
   </div>
  </div>
 </body>
</html>
