2604 4746
373 77 379 84 ’
429 106 590 187 (ἔλυον
614 107 764 187 ΙΧ..ν.
789 115 826 186 5.
1083 118 1158 193 291

127 285 248 357 mnus,
278 273 345 361 ·qui
365 275 402 339 iu
432 272 518 338 huuc
550 270 659 341 locum
694 275 899 358 commentati
930 286 1016 340 sunt.
1073 274 1158 344 Cum

124 372 194 441 liras
210 377 244 439 iu
257 371 303 440 V.
318 371 361 438 Τ.
384 374 512 439 dicatur
533 375 649 439 sedere
671 396 769 461 super
792 373 969 449 Cherubim
983 382 1000 440 1
1018 375 1108 442 Sum·
1122 390 1157 462 4,

122 475 366 554 libamini.
397 475 453 539 Ps.
469 482 521 557 80,
535 483 567 540 2.
583 476 656 540 add.
672 476 792 540 Ezecb.
807 483 858 558 10,
871 485 904 542 4.
922 487 954 538 et
968 469 1056 554 δόξα
1073 478 1159 546 θεοῦ
1186 554 1191 559 ‚

122 576 195 662 (quod
212 577 374 662 posterius
391 597 508 640 nomeu
526 577 558 647 h.
575 576 598 640 l.
615 575 873 662 subintelligunt)
895 576 1021 640 dicatur
1045 579 1156 663 splen·

120 677 162 740 dor
180 677 278 757 lucis,
307 697 370 762 quo
394 674 487 740 Deus
509 698 668 762 apparens
691 675 875 740 homiuibus
903 677 1106 743 describatur
1122 703 1155 744 v.

117 775 197 842 LXX
215 778 281 843 Ex.
301 784 354 857 24,
377 781 427 840 16.
456 784 511 857 40,
533 783 585 841 34.
616 775 758 862 illegg.
777 783 874 856 8,11.
905 775 1106 860 2Cbrou.7,
1125 788 1155 844 1.

117 877 158 940 Er.
172 886 198 959 1,
214 885 267 943 28.
288 878 345 963 qui
357 879 438 942 lucis
451 880 612 964 splendor,
628 883 839 963 praesentiae
855 880 987 942 diuinae-
998 883 1112 961 index,
1135 903 1156 945 a

73 986 76 1059 ξ
117 976 222 1042 Iudaeis
253 977 432 1042 serioribus
458 977 640 1062 appellatur
660 976 764 1065 ³3⁹2ss
782 976 852 1040 vid.
877 977 1049 1057 Bnntorfii
1067 980 1155 1046 Lex.

73 1070 77 1083 '
118 1076 312 1142 61ο16.ε.υ.
335 1076 439 1143 necui
463 1078 600 1143 Gerenii
620 1076 833 1142 ll'irterlnclr
858 1097 886 1141 s.
904 1098 937 1140 v.
953 1080 1051 1154 'linx
1073 1103 1155 1145 uou-

73 1178 75 1245 ἶ
117 1176 177 1241 nulli
188 1180 382 1261 interpretes
396 1178 498 1242 verba
515 1178 709 1263 explanant:
733 1175 908 1242 Cherubim
923 1178 1065 1267 gloriae,
1083 1182 1156 1266 glo·
1246 1172 1249 1177 '

72 1286 77 1361 i
115 1281 209 1343 riosae
221 1277 288 1342 Dei
307 1281 512 1360 praesentiae
538 1281 573 1341 iu
590 1278 694 1360 adytis
707 1278 828 1362 imago.
870 1275 956 1344 Alii:
977 1280 1155 1346 Cherubim

72 1368 75 1401 ¹
116 1377 273 1460 symbolum
286 1379 492 1461 praesentiae
505 1372 572 1437 Dei
585 1371 742 1458 lucidum,
757 1375 862 1441 oculis
880 1381 1153 1462 conspiciendum.

72 1458 75 1473 Ι
115 1477 176 1543 Alii:
198 1480 255 1564 qui
279 1474 419 1540 efficiunt
443 1475 591 1540 thronum
614 1478 795 1540 maiestatis
824 1476 963 1542 divinae.
1005 1478 1156 1546 Biltmins

115 1581 202 1644 vertit:
227 1575 396 1644 Cherubin
411 1580 556 1659 gloriosi,
578 1575 680 1641 addit:
703 1578 796 1663 quasi
807 1575 934 1662 gloriae
952 1578 1081 1646 divinae
1099 1578 1176 1645 vel'

114 1683 227 1749 comites
242 1664 298 1742 vel
311 1688 470 1741 vectores.
516 1675 667 1743 Sclrottss
680 1680 857 1762 expressit:
879 1681 1048 1762 splendidi.
1088 1681 1154 1746 Re-

113 1791 157 1842 cte.
195 1776 399 1844 Vocabulum
412 1771 496 1854 δόξα
510 1777 577 1839 vira
591 1774 714 1842 obtinet
728 1777 890 1863 adiectivi,
911 1790 948 1842 ut
963 1778 1112 1844 2'l'hess.
1122 1787 1154 1861 1,

113 1881 134 1942 7.
153 1877 288 1965 ἄγγελοι
311 1875 482 1962 δυνάμεως
499 1877 641 1962 positum
667 1889 717 1941 est
738 1899 798 1962 pro
824 1878 965 1946 δυνατοὶ
992 1893 1155 1964 potentes.

113 1977 267 2046 Cherubim
281 1979 429 2043 dicuntur
442 1979 610 2063 splendidi,
632 1979 903 2061 tegernsenses,
913 1980 1151 2064 praeliorum,

111 2084 216 2146 ratione
230 2081 303 2145 auri
319 2100 364 2143 ex
378 2099 441 2166 quo
455 2074 584 2142 conflati
608 2089 700 2141 erant
715 2076 845 2142 habita
878 2077 975 2169 Hauc
994 2083 1155 2167 iuterpre-

113 2187 257 2266 tatiouem,
280 2204 365 2269 quae
378 2177 584 2263 simplicitate
611 2198 671 2242 sua
694 2199 769 2241 sese
791 2178 1003 2262 commendat,
1024 2194 1156 2253 tuentur

116 2286 190 2350 ciam
209 2307 260 2366 ea,
282 2303 365 2370 quae
380 2301 412 2344 v.
427 2288 460 2344 4.
481 2289 743 2363 praecesserunt:
757 2281 933 2366 χρυσοῦν
953 2277 1075 2368 ἔχουσα
1090 2285 1156 2350 θν-

115 2384 281 2472 μοτήριον,
298 2383 358 2447 καὶ
369 2378 433 2458 τήν
444 2377 588 2463 κιβωτόν
600 2382 629 2445 ὃ.
643 2381 1053 2466 περικεκαλυμμένην
1068 2384 1155 2453 ποίν-

116 2487 198 2553 τοθεν
212 2478 378 2573 χρυσίῳ,
400 2480 436 2545 ἐν
458 2472 641 2571 ᾗστάμνος
654 2481 789 2565 χρυσῆ.
810 2515 854 2531 ·-
880 2486 1156 2565 κατασκιάζοντα

116 2582 142 2647 τό
152 2581 354 2671 ἱλαστήριον]
375 2580 596 2647 obumbrantes
613 2579 675 2644 alis
698 2583 769 2643 suis
787 2590 1064 2670 propitiatorium.
1086 2587 1153 2649 Ex.

118 2688 152 2765 li,
165 2693 213 2752 20.
236 2686 269 2751 οἱ
297 2680 492 2768 Χερουβελμ
512 2678 819 2795 &possidionus
837 2684 874 2749 ἐν
896 2687 973 2759 ταῖς
996 2684 1154 2772 πτέρυξιν

118 2782 200 2852 αὐτῶν
220 2784 275 2851 snt
293 2786 352 2851 τοῦ
372 2776 576 2868 ἱλαστηρὶον.
619 2780 826 2867 significatur
848 2782 1036 2868 operculum
1059 2809 1154 2852 arcae

119 2902 216 2968 tanae,
238 2898 274 2950 ut
287 2897 320 2949 et
331 2894 516 2960 contextus,
540 2892 572 2946 et
586 2903 666 2945 usus
681 2880 836 2968 loquendi
846 2884 1058 2967 interpretum
1073 2886 1154 2953 Ale·

118 2989 335 3069 xandrinorum,
347 3006 442 3072 quem
456 2994 568 3047 noster
582 2996 712 3047 secutus
727 2995 787 3064 est,
803 2994 854 3046 sat
864 2983 1031 3065 evidenter
1045 2972 1151 3055 docet.

118 3081 295 3154 Adiectivum
315 3096 424 3150 autem
448 3083 641 3168 ἱλαστήριος
662 3084 702 3148 de
725 3105 766 3149 eo
784 3099 968 3170 usurpatur,
991 3093 1075 3173 quod
1091 3096 1155 3155 oins

119 3176 252 3273 expiandi
262 3186 369 3253 dalet.
390 3184 521 3270 loseph.
537 3182 614 3248 Ant.
630 3189 681 3265 16,
698 3188 794 3249 17.1.
816 3183 1018 3271 ἱλαστήριον
1037 3193 1157 3276 μνῆμα

118 3300 318 3355 nummum
330 3289 490 3374 placandi
500 3293 635 3351 nominis
648 3306 764 3350 caussa
770 3291 922 3369 posituri.
942 3296 966 3352 4
978 3287 1083 3370 Mace.
1102 3298 1154 3373 17,

120 3387 155 3448 li
173 3386 363 3476 ἱλαστήριος
374 3383 529 3460 θάνατος
541 3405 626 3451 nors
640 3391 843 3471 expiatoria.
863 3387 929 3452 Ex.
942 3395 994 3468 25,
1007 3396 1057 3455 17.
1079 3393 1156 3456 ἱλα-

121 3480 230 3572 στήριον
251 3486 408 3571 ἐπίθεμα
428 3489 609 3572 operculum
629 3493 859 3571 enprntcrinns.
901 3489 945 3553 Et
964 3489 1027 3554 boc
1047 3492 1156 3577 ipsum

69 3628 72 3661 ÷
119 3588 286 3653 taedulum
301 3586 452 3672 ἐπίθεμα
469 3608 495 3651 s.
511 3586 621 3671 πῶμα,
641 3583 673 3649 b.
686 3582 710 3649 l.
732 3608 804 3651 cum
828 3588 868 3652 de
885 3588 1038 3676 operculo
1057 3614 1155 3659 arcae

69 3736 71 3769 ,
120 3703 206 3753 tacme
222 3690 328 3753 seimo
354 3691 406 3770 sit,
429 3687 576 3774 plerique
600 3688 795 3772 interpretes
815 3687 1014 3776 subintelligi
1028 3692 1152 3759 volunt.

120 3781 243 3854 &deine
257 3790 375 3854 idouea
390 3791 527 3853 ratione.
570 3786 699 3852 Etenim
719 3786 926 3877 ἱλαστήριον,
948 3791 1056 3857 addito
1076 3797 1157 3859 arti·

121 3884 186 3968 tulo,
203 3893 266 3956 vim
285 3887 478 3956 substantivi
498 3887 607 3969 habet,
629 3899 665 3951 ut
679 3888 744 3954 Ex.
757 3895 809 3971 39,
826 3895 857 3955 6.
880 3892 939 3956 καὶ
958 3889 1095 3983 ἐποίησε
1112 3881 1156 3962 sd

122 3984 292 4083 ἱλαστήριον
310 3987 447 4058 ἄνωθεν
468 3992 528 4073 τῆς
548 3987 705 4077 κιβωτοῦ.
724 3995 778 4087 it,
791 3995 822 4056 7.
846 3990 909 4072 τήν
929 3992 1076 4082 κιβωτόν
1089 3984 1192 4086 τῆς.

828 4091 904 4161 Τ2
1045 4090 1049 4095 ’
