2632 4740
28 258 37 265 '¹
98 290 148 358 21
448 228 606 356 (ἷιιιιι
641 281 673 352 l.
711 300 748 352 v.
776 281 813 350 6

15 456 17 463 ’
100 456 169 514 eim
183 454 382 514 maiestatem
396 449 510 526 talem,
534 449 637 531 qualis
660 453 709 510 esi
730 447 819 508 amici
838 438 996 536 Deifilii,
1018 439 1168 508 Messiae
1197 440 1212 530 ’1

44 628 47 630 3
87 547 285 634 ι,ιι1ιίι..ιιοι
300 546 403 611 Favet
416 547 554 633 (lemque
566 547 664 608 etiam
679 543 755 608 huic
770 530 1029 632 interpretationi
1044 546 1166 608 oratio·
1204 566 1206 571 ·

99 650 152 712 uis
163 646 388 712 cohaerentia.
432 646 558 711 Sensus
581 667 659 732 ergo
680 654 745 708 est.
768 665 840 709 cum
854 642 920 709 alio
937 642 1011 707 loco
1029 643 1095 728 (Ps.
1113 649 1168 725 97,

101 753 147 834 7.)
163 747 321 813 Messium
336 760 521 828 ventruum,
541 744 729 811 mittendum
745 729 924 825 annuntiat,
948 745 995 806 ita
1008 743 1174 832 loquitur:

102 861 298 914 venerentur
325 867 398 912 eum
432 868 545 912 omnes
574 845 684 933 angeli
710 843 788 910 Dei.
829 844 924 911 Mitto
946 842 1085 920 aliorum
1107 868 1170 911 cx·

30 980 32 985 ·
90 947 297 1034 ·plicationes
322 959 454 1033 argutas
473 960 506 1011 et
525 959 656 1012 coactas
676 946 868 1032 idoneisque
891 947 1090 1030 argumentis
1112 947 1171 1010 de·

102 1052 241 1146 stitutus,
252 1049 307 1136 qui
324 1046 551 1114 sermonemh.
565 1045 589 1112 l.
605 1068 680 1113 esse
695 1047 885 1112 existimant
901 1044 940 1109 de
958 1045 1065 1110 reditu
1072 1045 1172 1111 Chri·

103 1151 146 1212 sti
171 1151 205 1212 in
228 1146 354 1213 coelum
371 1149 447 1235 (quo
465 1146 649 1235 significatu
666 1167 739 1213 voc.
762 1141 941 1229 οἰκουμένη
959 1167 1117 1234 nusquam
1136 1151 1173 1210 in

100 1247 197 1313 libris
220 1246 262 1314 Ν
278 1245 320 1311 Τ.
341 1244 488 1334 legitur);
512 1246 553 1311 de
581 1245 743 1333 spirituali
764 1261 860 1334 quam
882 1259 1001 1309 vocant
1025 1248 1172 1312 introdu-

11 1381 36 1412 μ
105 1350 213 1411 ctione
231 1346 369 1427 Christi,
392 1347 621 1430 devocatione
644 1346 824 1435 gentilium.
868 1344 955 1422 Quid
981 1346 1067 1410 enim
1088 1368 1173 1431 opus

81 1438 156 1511 ''e'st
170 1449 205 1511 in
221 1445 357 1534 singulis
375 1470 488 1513 eorum
505 1452 652 1535 augustis
667 1459 700 1512 et
720 1450 877 1511 contortis
897 1444 1088 1509 ratiunculis
1103 1446 1172 1510 dis·

27 1543 30 1549 ’
104 1546 271 1612 solvendis
295 1548 415 1612 frustra
441 1552 620 1621 orationem
642 1546 851 1612 consumare?
874 1543 1065 1665 Nominatur
1080 1546 1185 1612 Mes-¹

20 1690 28 1700 ,
105 1650 221 1711 siasin
238 1645 521 1717 orbemterrarum
534 1647 755 1714 mittendush.
768 1645 826 1711 l.‘
807 1641 1059 1732 οιιρωιότοκος
1102 1646 1173 1711 No·

7 1823 8 1826 ¹
104 1770 178 1812 meu
193 1746 398 1834 πρωτότοκος
411 1753 543 1837 proprie
555 1761 645 1813 notat
655 1754 913 1835 primogentium,
929 1757 964 1811 ut
975 1744 1078 1811 Hebr.
1091 1749 1172 1812 1133

106 1847 192 1910 Gen.
218 1853 269 1928 10,
292 1853 343 1913 15.
374 1845 490 1913 March.
514 1856 543 1930 1,
556 1853 610 1914 25
629 1848 672 1913 al.
697 1846 842 1912 Thomas
858 1846 948 1932 Mag.
968 1867 1000 1930 p.
1022 1851 1099 1912 765.
1121 1850 1173 1914 ed.

58 2027 62 2032 ,
106 1947 269 2013 Berffnard
294 1944 526 2032 πρωτότοκος·
549 1947 720 2034 ὁιιρῶιος
744 1944 888 2033 τεχθεὶς.
930 1943 1025 2010 Hauc
1047 1949 1174 2034 signifi-

108 2049 269 2112 cationem
284 2051 409 2135 excipit
424 2048 502 2131 alia,
527 2071 590 2137 qua
606 2049 739 2114 denotat
752 2046 900 2134 prim'tim,
922 2068 996 2111 nam
1010 2051 1185 2140 primoges

46 2186 48 2196 ι
108 2151 168 2212 niti
185 2161 259 2212 sunt
276 2152 360 2214 iuter
376 2149 495 2215 fratres
510 2152 607 2236 primi
624 2159 638 2214 1
657 2151 731 2214 Par.
744 2154 775 2230 5,
792 2154 842 2213 19.
855 2145 947 2224 Ἰωήλ
967 2145 987 2210 ὁ
1007 2147 1176 2232 πρωτότο-

110 2272 183 2325 κος,
206 2252 265 2313 καὶ
284 2247 627 2340 §centuriatimque
657 2261 691 2314 et
708 2249 793 2314 Gen.
807 2255 859 2329 25,
878 2255 930 2314 25.
951 2245 1054 2314 Hebr.
1071 2249 1178 2332 3115th

103 2355 248 2433 piimms,
276 2351 471 2436 exprimitur
493 2350 618 2414 Graeco
645 2348 803 2415 vocabulo
829 2344 1047 2435 πρωτότοκος.
1089 2349 1178 2416 Tum

12 2520 16 2531 ¹
39 2493 49 2504 .
109 2461 159 2514 est
171 2453 318 2530 dilectui,
340 2453 491 2538 quoniam
506 2453 740 2537 primogenitos
757 2449 915 2535 singulari
929 2471 1040 2514 amore
1054 2473 1176 2535 paren·

110 2562 160 2612 tes
177 2554 331 2637 prosequi
345 2551 461 2633 solent,
476 2564 510 2615 ut
527 2551 589 2616 ler.
607 2558 661 2632 31,
673 2557 703 2616 9.
719 2548 821 2614 Hebr.
842 2556 892 2631 12,
908 2556 961 2614 23.
983 2551 1031 2613 sic
1046 2551 1178 2638 πρωτό-

109 2669 207 2729 γοιος
224 2649 288 2714 Sir.
304 2655 355 2730 36,
372 2657 422 2716 11.
447 2651 564 2741 Compi,
589 2651 810 2731 ἐλέησον-καὶ
830 2647 964 2736 Ἰσραήλ
986 2645 1026 2714 ὃν
1047 2671 1178 2738 apoco-

55 2764 60 2767 ’
108 2745 391 2837 γόνῳώμοιίισας.
413 2774 502 2838 quem
518 2752 662 2819 habuisti
676 2775 703 2818 s.
718 2760 879 2820 tractasti
888 2764 1041 2836 tamquam
1051 2762 1178 2838 primo·

106 2856 248 2932 gemitum
275 2854 298 2915 i.
320 2872 349 2916 e.
372 2840 468 2941 quem
489 2855 638 2938 inprimis
662 2856 787 2918 amasti.
829 2850 980 2938 Denique
1003 2852 1176 2937 πρωτότο-

106 2972 168 3025 κος
189 2963 240 3015 est
262 2954 358 3016 etiam
376 2961 550 3040 princeps,
574 2973 655 3034 ras,
680 2956 821 3019 domimus
828 2976 839 3028 3
860 2955 1071 3038 primogeniti
1089 2958 1201 3020 enim.

24 3054 27 3060 '
111 3051 198 3135 apud
219 3049 587 3139 Hebraeos'praeerant
609 3052 783 3133 fratribus,
805 3066 837 3116 et
863 3054 898 3113 iu
919 3051 1043 3117 farnilia
1074 3059 1179 3140 patris

108 3172 282 3235 personam
306 3152 492 3237 referebant
511 3177 544 3219 v.
571 3164 637 3218 not.
661 3154 771 3233 ad12,
790 3158 840 3217 16.
863 3151 1061 3225 Luculentus
1083 3155 1178 3221 locus

109 3261 161 3325 est
174 3249 228 3315 Ps.
243 3258 294 3333 89,
303 3260 354 3317 28.
369 3252 426 3318 ubi
437 3253 530 3320 Deus
546 3254 682 3343 loquens
699 3252 860 3318 inducitur
873 3251 957 3314 hunc
979 3255 1014 3316 iu
1029 3258 1177 3321 modum:

109 3361 213 3441 133138,
230 3352 310 3442 1133
323 3362 397 3436 ⁹58·
364 3365 445 3442 Ίιιι
464 3377 522 3438 ego
537 3378 612 3426 emm
623 3361 814 3434 constituam
826 3360 1089 3440 primogenitum,
1119 3355 1179 3421 ubi

49 3474 52 3481 ⁴
84 3451 177 3517 .cio
178 3447 279 3515 ‘mc
301 3472 362 3536 per
383 3453 594 3539 ιιρωιόιοιιος
615 3455 836 3525 reddiderunt3
861 3456 1005 3539 sequitur
1025 3453 1072 3518 ibi
1077 3448 1198 3575 3555

108 3543 301 3643 55855555
320 3562 454 3620 ommium
467 3577 578 3678 regam
586 3562 774 3644 principem,
798 3575 878 3640 quae
894 3553 1041 3618 ver‘ba
1009 3576 1042 3618 οι
1057 3579 1076 3620 ο
1101 3577 1178 3620 con-

56 3705 61 3711 .
110 3663 292 3715 verterunt:
313 3649 448 3743 ὑψηλὸν
459 3658 554 3746 παριὶ
572 3657 644 3732 τοῖς
657 3655 887 3740 βασιλεῦσι
848 3678 906 3735 της
921 3656 992 3740 γῆς.
1013 3653 1087 3719 Hoc
1102 3678 1177 3720 sen·

2 3784 5 3789 ·
113 3769 153 3814 su
164 3748 203 3814 R.
221 3749 341 3839 loseph
354 3751 492 3840 Bochai,
515 3781 536 3822 a
559 3757 707 3835 Wolfio
698 3779 732 3821 ιιι
748 3750 845 3822 Curis
869 3757 911 3820 ad
926 3754 959 3820 h.
976 3753 999 3819 l.
1014 3754 1177 3837 laudatus,

38 3945 42 3957 Ι
112 3851 147 3914 iu
171 3848 390 3944 explicatione
414 3854 596 3926 Paraschae
625 3856 690 3921 Ex.
713 3863 765 3937 30,
792 3864 828 3921 11
856 3877 901 3920 ss.
938 3853 1046 3919 Deum
1068 3858 1178 3942 ipstuu

113 3953 522 4041 uominat'primogem'tmm
547 3959 663 4023 mundi.
712 3957 788 4022 Hoc
815 3977 913 4021 seusu
939 3956 1037 4020 etiam
1063 3955 1179 4021 Iudaei

113 4047 271 4117 Messium
286 4053 435 4120 dicebaut
450 4065 696 4146 primogenitum
715 4057 891 4122 Schemcth
906 4054 1008 4120 rabba
1023 4069 1104 4121 sect.
1126 4064 1177 4123 19.

48 4139 50 4148 '
114 4147 171 4214 iol.
188 4156 258 4216 118.
272 4164 303 4223 4.
327 4155 434 4226 Ratis
452 4157 588 4227 Nathan
610 4161 768 4228 tradidit:
790 4157 892 4225 Dicit
911 4156 1003 4224 Deus
1026 4154 1061 4222 S.
1077 4158 1118 4222 B.
1134 4161 1181 4226 cd
