2604 4746
310 254 389 328 ’182
599 246 603 251 ’
654 249 815 327 Carus
840 249 910 325 VI.
944 272 982 326 v.
1010 256 1046 324 5.

318 416 549 495 oecumenius,
573 436 618 480 ex
631 415 869 480 recentioribus
889 413 1099 502 interpretibn

317 526 450 600 certain,
472 519 751 594 mammetem,
772 516 1017 597 Ηυίυυίοονίυυ,
1037 516 1099 582 Sto

318 620 437 684 stantia
449 618 614 681 doctrinae
625 615 819 680 christianae
841 616 1019 702 explicant,
1042 618 1084 680 de

318 718 454 807 praebet
462 718 561 781 animi
569 715 844 802 tranquillitatem,
858 738 950 803 spem
960 718 1099 781 remissi«

320 820 408 908 qnod
422 819 491 905 legi
502 816 547 907 Y.
564 814 606 879 'l'-
621 819 807 902 oppositum
822 821 876 899 sit,
898 840 982 906 quae
1005 826 1097 881 esset

321 917 394 987 υἱον
404 917 622 1005 ἀβάστακτον
633 908 669 982 υ.
682 917 756 982 Aot.
774 923 825 999 15,
847 924 897 984 10.
940 918 991 983 Ita
1008 939 1090 982 vero

322 1023 461 1106 petitum
479 1031 580 1098 assat,
600 1017 688 1105 quod
707 1016 820 1082 verbis
832 1005 866 1081 ἢ
880 1027 913 1086 4.
946 1020 1099 1105 γευοαμέυ

322 1122 381 1200 τῆς
394 1116 589 1206 ἐπουρανίου
613 1140 806 1206 expressum
821 1126 910 1184 erat.¹
930 1117 1000 1183 Imo
1021 1108 1099 1209 ῥῆμρ

201 1255 203 1260 .
324 1244 395 1287 nem
410 1221 553 1286 declarat
565 1231 601 1281 ut
615 1218 697 1283 Luc.
705 1227 737 1299 2,
745 1227 798 1286 29.
812 1231 845 1283 et
856 1218 949 1304 ῥῆμα
966 1217 1099 1285 soliar

230 1332 234 1338 '
322 1320 378 1386 lae
396 1320 623 1385 Hebraeorum
639 1323 706 1393 3111,
723 1331 791 1387 ἾΞΠ
813 1322 847 1384 in
859 1319 955 1384 libris
968 1319 1012 1383 V.
1028 1319 1070 1386 Τ.
1090 1344 1099 1385 r

323 1423 412 1488 bitae
428 1422 469 1486 de
481 1423 700 1506 promissione
713 1420 812 1502 laeta,
827 1432 864 1483 ut
878 1419 945 1485 Ios.
962 1427 1015 1501 21,
1029 1427 1083 1488 45.

326 1528 377 1588 10.
400 1529 453 1604 33,
471 1529 521 1588 14.
546 1519 684 1608 1Regg.
700 1529 731 1604 8,
745 1523 798 1588 20.
840 1519 985 1606 Intelligi
1006 1533 1099 1586 auten

325 1626 376 1686 sio
389 1621 546 1702 Moesiae,
569 1620 713 1708 tempore
726 1622 770 1688 V.
787 1621 831 1688 4Τ.
851 1624 938 1704 (lata,
960 1633 1057 1708 atque
1078 1643 1098 1685 a

326 1723 442 1789 borum
458 1735 522 1788 est:
546 1723 661 1809 quibns
675 1724 784 1809 γεῦσις
800 1722 890 1789 illius
901 1725 1099 1808 promission

327 1826 412 1910 tigit,
437 1827 493 1912 qui
510 1836 726 1910 perceperunt
748 1824 872 1889 Christi
894 1821 1066 1890 beneficia.
1098 1836 1099 1839 ’

325 1938 386 2007 ,τοο
409 1917 530 2000 αἰῶνος
545 1924 741 2011 interpretes
766 1924 879 2010 pluras
902 1923 1084 2012 significari

328 2027 475 2092 Messene
488 2024 582 2092 treci
592 2033 828 2112 appariturum,
848 2025 1038 2091 felicitatem
1052 2027 1099 2117 inp

329 2148 416 2208 ram,
438 2137 534 2213 atque
557 2147 688 2190 sensnm
706 2126 774 2191 loci
793 2127 878 2190 hunc
901 2129 936 2191 in
956 2126 1099 2230 modurn¹

327 2231 395 2292 iam
405 2226 458 2291 his
475 2228 510 2290 in
526 2229 623 2291 terris
642 2227 854 2314 degustarunt
870 2228 1098 2331 quodammog·

325 2341 405 2409 ‚runt
417 2331 496 2414 ipsi,
518 2340 639 2414 quanta
653 2327 732 2392 olim
744 2327 887 2393 felicitas
902 2341 1017 2415 parata
1031 2330 1070 2391 sir

329 2442 402 2500 turo
417 2450 511 2494 aevo.
553 2426 725 2495 Vocabulo
748 2425 905 2516 δυνάμεις
927 2396 1090 2525 indicari-⁴

330 2532 594 2597 commodantem
609 2533 768 2610 coelestis,
784 2543 817 2594 et
828 2530 1053 2597 Abrescln'usr
1069 2530 1081 2543 “

329 2632 464 2716 propter
490 2651 603 2694 eorum
627 2633 855 2701 excellentiam
881 2643 915 2694 et
931 2644 1043 2716 praest

329 2735 422 2796 vocis
434 2729 704 2818 significationem
720 2729 1032 2816 comprobandamla

333 2841 362 2900 1.
386 2845 472 2898 extr.
486 2829 701 2921 daimonias
715 2830 835 2899 ἑαυτὸν
843 2829 989 2923 Ἔρωτος
1001 2854 1025 2898 a

332 2932 457 3004 κάλλει
475 2925 641 3016 σώματος,
663 2933 724 2996 καὶ
749 2930 906 3018 δυνάμει,
927 2954 1011 3020 quae

331 3038 377 3108 ait
390 3057 450 3121 per
462 3033 645 3117 hendiadyn
657 3055 716 3119 pro
732 3030 874 3118 δυνάμει
890 3034 952 3098 τοῦ
968 3031 1012 3098 κά

331 3135 473 3220 δύναμις
487 3134 535 3199 ibi
550 3147 640 3199 notat
654 3137 819 3214 virtutem,
838 3137 905 3200 vim
917 3136 1010 3220 inger

334 3233 444 3303 locum
457 3236 577 3303 docuit.
618 3232 781 3300 Desidero
797 3235 905 3300 locum
918 3234 1003 3298 simil

331 3337 380 3401 tio
405 3356 477 3400 voc.
499 3334 641 3420 δύναμις
659 3360 754 3424 quam
777 3339 809 3402 ei
827 3335 994 3403 Abreschi.

334 3436 493 3523 Equidem
514 3436 651 3502 arbitror
673 3434 757 3505 αἰών
779 3439 915 3525 μέλλων
930 3439 983 3502 ide

334 3530 511 3623 οἰκουμένη
528 3527 549 3616 ἦ
563 3539 734 3621 μέλλουσα
749 3539 894 3604 seculum
907 3539 976 3603 futu

333 3637 480 3704 Messias
505 3641 540 3702 in
565 3639 627 3706 hac
644 3653 732 3727 terra
753 3642 956 3721 inchoatum,

332 3742 485 3819 mandam
503 3740 545 3806 of.
559 3754 626 3805 not.
641 3743 683 3807 ad
701 3750 732 3825 2,
749 3749 779 3812 5.
794 3754 827 3806 et
842 3749 873 3824 1,
889 3749 954 3808 3.e

332 3863 404 3926 μευς
415 3840 536 3905 indicat
550 3843 688 3922 effectur
703 3844 735 3908 h.
754 3867 783 3910 e.
798 3843 885 3907 bona
906 3855 940 3908 et

330 3931 379 4004 tia
401 3942 487 4005 inest
506 3941 617 4010 verbis
638 3942 736 4008 haec:
765 3946 820 4032 qui
844 3967 940 4029 perce

217 4048 219 4053 ’
331 4044 443 4127 regni,
472 4045 601 4130 imperii
618 4042 786 4132 'Messiae‚
818 4067 914 4130 quam

304 4146 307 4151 '
333 4162 410 4213 snos
428 4142 580 4226 cultores,
602 4147 694 4229 regni
720 4150 770 4211 sui
794 4147 895 4233 cites,
920 4170 929 4211 r
