2632 4740
59 324 62 329 f
114 287 186 356 116
443 238 602 350 Carur
628 275 699 348 1v.
725 264 774 363 fv.
803 283 851 349 1.-

103 441 292 526 ,κατὲλιπεν
314 438 491 526 Αἴγυπτον
510 460 576 504 non
602 438 783 527 significat.
820 461 900 527 opes
928 424 1072 530 Aegypti
1101 460 1181 507 con·

113 549 233 628 tenuit,
256 542 315 609 sod
327 541 530 627 simpliciter,
542 540 728 640 Aegyptum
740 541 880 629 reliquit.
900 539 1086 629 ἐπαγγελία
1094 564 1181 630 pro-

113 656 222 715 morio
235 667 269 711 v.
286 651 317 710 2.
332 648 363 707 6.
387 642 561 708 εἰσελθεῖν
580 662 641 726 pro
663 663 723 705 του
706 635 924 720 εἰσελθεῖν,
946 644 1043 707 etiam
1057 642 1198 708 Graeci

115 752 291 835 scriptores
299 746 431 830 saepius
444 737 612 807 articulum
623 755 699 806 aute
712 740 910 806 Infinitivum
920 742 1090 831 negligunt
1101 743 1183 810 Plu-

114 849 215 914 tarch.
228 846 274 911 V.
287 846 406 911 Anton.
420 849 472 910 58.
490 845 560 908 init.
569 838 694 928 χρόνον
709 839 842 909 διδόναι
855 841 1184 930 παρασκευάζεσθαι

116 950 189 1014 add.
204 944 320 1012 Pericl.
341 951 393 1010 13.
414 951 466 1013 24.
488 943 699 1034 Heindorfioe
720 942 763 1006 ad
777 942 903 1009 Platon.
916 941 1037 1027 Cratyl.
1054 967 1089 1030 p.
1105 951 1198 1010 110:

101 1052 158 1119 ..ad
170 1047 336 1114 Phaedon.
352 1066 385 1129 p.
400 1048 471 1108 177.
493 1039 704 1118 κατάπαυσις
727 1041 785 1108 τοὺ
804 1042 889 1107 Θεοῦ
902 1041 935 1106 5.
952 1041 975 1107 l.
989 1047 1054 1108 uon
1066 1047 1183 1130 potest

116 1152 221 1236 accipi
236 1149 276 1212 de
289 1148 499 1232 possessione
518 1143 741 1225 Palaestinae,
766 1165 806 1228 ea
828 1144 914 1206 enirn
932 1141 1126 1228 pertinebat
1137 1147 1181 1211 ad
1197 1134 1219 1161 ²

107 1251 266 1331 ludaeos,
287 1267 363 1311 non
370 1245 412 1309 ad
426 1244 628 1326 christianos,
651 1245 691 1308 de
706 1221 872 1331 quibush.
887 1242 910 1307 l.
922 1265 1028 1310 sermo
1043 1256 1106 1328 est,
1128 1268 1181 1309 er·
1215 1270 1217 1277 ’

107 1373 158 1438 'go
181 1349 367 1415 necessario
390 1344 463 1409 alia
488 1343 698 1420 κατάπαυσις
720 1344 861 1448 intelligi
883 1344 990 1409 dehet.
1032 1346 1182 1414 Mentem

39 1440 46 1457 ’
108 1474 211 1523 ,suam
226 1447 407 1514 accuratius
423 1437 568 1531 explicat
580 1447 717 1529 scriptor
729 1465 762 1509 v.
780 1452 811 1510 3.
828 1451 848 1510 6
864 1467 912 1534 sq.
927 1444 1080 1532 ὑστερεῖν
1093 1437 1183 1534 quod

110 1573 182 1624 ‚uon
196 1561 318 1637 tautum
333 1544 480 1611 absolute
498 1559 529 1610 et
546 1549 616 1609 sine
631 1566 720 1626 casu,
741 1546 800 1610 sed
821 1548 919 1625 etiam
935 1568 1008 1611 cum
1025 1547 1180 1615 Genitivo

118 1663 243 1716 etcum
262 1645 385 1716 Dativo
412 1648 608 1710 construitur
630 1667 662 1709 v.
685 1643 861 1713 Luteciae
885 1647 927 1712 ad
950 1647 1123 1731 Phrynioh.
1145 1675 1180 1738 p.

118 1755 191 1817 237.
207 1749 340 1834 proprie
352 1744 495 1810 declarat
508 1752 610 1811 ιεκῖκι
625 1754 752 1828 νοοῖτο,
774 1747 924 1834 neglecta
939 1753 1180 1835 opportunitate

21 1848 40 1940 ρ
107 1848 280 1929 ,veniendi
299 1841 440 1933 ὕστερον
455 1842 619 1933 ἔρχεσθαι
633 1846 749 1912 Matth.
765 1854 817 1929 25,
836 1855 886 1913 11.
909 1848 998 1913 Xen.
1010 1850 1055 1915 H.
1071 1853 1130 1918 Gr.
1149 1859 1180 1935 5,

109 1960 149 2033 Ι1.
166 1957 197 2015 3.
223 1950 256 2014 οῖ
271 1944 513 2032 conspicantes
527 1953 584 2035 qao·
601 1955 703 2013 ιετιαι
717 1957 883 2014 venerunt.
906 1948 1064 2016 Herodot.
1080 1960 1111 2034 1,
1125 1959 1179 2020 70.

12 2081 20 2107 .
118 2051 191 2117 ἐπεὶ
210 2046 407 2136 ὑστέρησαν.
437 2055 469 2130 6,
486 2055 538 2114 89.
559 2045 616 2110 ubi
639 2048 701 2113 hoc
722 2049 858 2114 verbum
876 2044 1089 2116 commutatur
1107 2077 1183 2120 cum

119 2150 228 2217 verbis
245 2149 285 2215 οὑ
305 2144 562 2238 παραγίνεσθαι
588 2145 636 2225 εἰς
661 2149 746 2216 δέον.
774 2148 873 2214 Diod.
891 2151 964 2216 Sic.
985 2173 1019 2236 p.
1041 2158 1115 2219 391.
1139 2154 1179 2221 C.

84 2236 89 2242 ’
117 2250 277 2338 ὑστέρουν
290 2250 351 2328 τῆς
363 2244 532 2333 βοηθείας
543 2254 626 2316 tarto
642 2257 744 2316 ιειῖνι
760 2253 885 2316 cosilio
899 2265 1067 2319 uenerant.
1089 2254 1180 2320 Xen.

118 2351 224 2415 Anab.
244 2346 326 2430 1,’7.
349 2345 400 2414 16.
427 2346 635 2436 Ἀβροκόμας
656 2348 819 2437 ὑστέρησε
843 2351 903 2447 τῆς
923 2349 1032 2438 μα’χης
1051 2352 1182 2439 ἡμέρας

118 2452 217 2515 πέντε
232 2457 340 2537 quinto
347 2459 427 2534 post
434 2453 643 2534 pugnam'de'e
656 2457 744 2515 canit
758 2451 799 2514 cl.
810 2452 988 2538 'llapdelr‘os
1003 2453 1103 2519 Obss.
1113 2455 1178 2520 Po-

115 2547 182 2634 lyb.
206 2560 239 2613 ct
260 2549 430 2614 Mrtntlt'ur
448 2544 537 2627 adlr.
555 2548 579 2615 l.
621 2549 750 2614 Deinde
773 2553 871 2615 etiam
890 2552 952 2616 hoc
974 2552 1140 2620 νει5ιιιιι
1120 2570 1178 2621 rta

64 2708 78 2719 ,.
116 2651 263 2743 ponitur,
292 2660 327 2711 ut
348 2647 524 2733 significet:
559 2653 707 2731 destitui,
737 2672 852 2716 carere
876 2657 984 2739 aliqua
1004 2678 1042 2720 re
1063 2657 1176 2742 Eurip.

39 2773 42 2777 ¹
111 2737 188 2836 Iph.
202 2747 279 2814 Aul.
295 2754 386 2813 1213.
408 2747 565 2826 παιδος
545 2771 779 2836 υστερησομαι
800 2750 881 2816 Luc.
895 2761 947 2833 22,
962 2759 1014 2820 35.
1035 2754 1130 2820 Rom.
1147 2763 1178 2838 3,

117 2848 394 2930 23.1Οοι.’,.17
424 2850 488 2916 Sir.
502 2859 617 2932 11,12.
647 2855 744 2930 136.
771 2851 873 2915 Hebr.
893 2860 945 2935 12,
966 2860 1018 2920 15.
1060 2855 1100 2921 ln
1117 2856 1177 2923 hac

117 2953 272 3014 orationis
288 2952 375 3013 serie
387 2951 478 3034 prior
491 2949 584 3015 verbi
599 2948 794 3037 significatio
804 2956 1024 3039 praeoptanda
1037 2971 1102 3032 est3
1124 2982 1175 3023 re·

116 3052 252 3136 spicitur
267 3051 354 3113 enim
367 3071 431 3113 non
450 3063 572 3128 tantum
588 3048 723 3114 uerbum
737 3048 906 3121 εἰσελθεῖν
921 3056 1006 3140 quod
1023 3080 1174 3142 praeces·

116 3153 160 3214 sit
176 3163 209 3213 ot
224 3150 356 3234 proprie
376 3150 541 3218 introitum
561 3151 691 3231 indicat,
714 3174 778 3237 quo
798 3155 853 3238 qui
869 3175 929 3217 sua
943 3155 1037 3242 culpa
1053 3162 1173 3224 tardio-

115 3271 170 3313 res
185 3250 335 3330 veniunt,
354 3248 583 3332 excluduntur,
609 3251 668 3314 sed
692 3251 848 3318 etiamad
871 3251 1109 3344 σήμερον3,7.
1125 3268 1171 3328 13.

115 3338 270 3434 (ἄχριςοὺ
282 3346 324 3424 τὸ
336 3345 480 3436 σήμερον
495 3351 660 3435 καλεῖται)
675 3355 725 3416 15.
747 3360 779 3431 4,
797 3357 827 3415 7.
851 3352 974 3419 Sensus
989 3371 1098 3425 autem
1114 3373 1169 3425 est:

42 3438 46 3444 ’
114 3449 251 3534 nequis
249 3468 318 3510 sua
333 3448 428 3534 culpa
440 3449 652 3515 felicitatem
642 3452 706 3534 rpsi
727 3451 919 3516 destinatam
935 3468 966 3518 et
981 3463 1170 3542 promissam

114 3570 179 3612 non
192 3560 392 3634 assequatur.
434 3550 571 3636 Scripsit
588 3557 695 3614 ειιιειιι
711 3571 762 3634 ep.
779 3565 890 3616 auctor
907 3557 993 3647 δοκῇ
1011 3583 1063 3635 τις
1083 3561 1170 3627 ὑστε-

113 3648 259 3734 ρηκὲναι
269 3659 304 3710 ut
321 3647 439 3713 leniret
458 3653 615 3715 orationis
631 3648 849 3716 acerbitatem.
893 3651 1167 3741 Theophylactns.

113 3743 318 3868 ἱλαρώτερον
343 3748 379 3823 δὲ
398 3747 457 3811 καὶ
471 3747 768 3836 οῖνεπαχθὲστερον
787 3751 965 3837 τὸνλόγον
976 3760 1094 3841 ποιῶν,
1113 3757 1166 3827 οὑκ

111 3837 198 3930 εἷπε,
218 3872 265 3933 μη
276 3848 455 3934 υστερηση,
475 3847 579 3931 atta,
599 3875 645 3936 μη
638 3849 778 3942 δοκῇ
757 3854 1037 3940 υστερηκέναιλιῐ
1022 3862 1166 3928 tortores

110 3962 219 4016 ανιευι
231 3959 265 4014 et
280 3956 381 4014 πῖναι
395 3947 559 4012 molestam
573 3958 750 4016 orationem
759 3953 906 4033 foeteat,
927 3977 990 4021 non
1011 3960 1111 4042 dost,
1123 3979 1166 4026 ιιι

110 4049 257 4128 deficiat,
275 4051 343 4128 ted,
365 4067 406 4110 ιιι
428 4049 579 4114 uideatur
591 4049 742 4126 deficere.
786 4053 876 4117 Idem
897 4056 1088 4124 observavit
1106 4061 1167 4129 Oce

110 4150 285 4214 cumenius.
325 4147 432 4211 Etiam
446 4144 555 4211 Latini
570 4151 745 4235 scriptores
758 4154 948 4220 urbanitatis
963 4158 1069 4223 studio
1087 4158 1171 4225 ducti
