2604 4746
387 303 559 383 Carnu,
578 305 681 379 ΧΠ.
708 329 754 410 5v.
781 317 815 383 7.
1018 317 1140 403 3465
1228 334 1246 367 -.

59 479 152 538 emh
167 470 330 551 aufidia,
352 493 440 557 qoem
456 472 557 556 pater
573 491 637 534 aon
657 474 820 553 castiget?
845 471 908 537 Pro
932 468 964 539 εἰ
977 476 1133 541 exhibent

62 568 120 649 ἐἰς’
134 571 240 637 ADE.
263 570 306 637 al.
330 577 380 637 17.
401 593 453 655 ap.
483 571 641 636 Wetrte'a.
669 584 702 632 et
727 571 853 649 (irtecb.
882 579 977 659 bap.
1006 577 1131 644 Muttl.

70 694 174 737 verss.
192 669 292 735 Arab.
314 669 409 735 Aetb.
435 670 566 734 Acmen.
590 669 725 781 Origen.
751 670 903 790 Darnasc.
923 675 1061 761 Procop.
1086 699 1131 741 ex

53 871 239 959 ,ραδέχεεαι
253 866 315 954 (εἷς
330 869 500 938 παιδιίαν.
541 868 759 953 Ὑπομὲνετε),
773 870 830 935 alii
847 868 918 935 cuni
933 872 1035 938 verbo
1050 875 1129 941 dno·

68 972 191 1057 μίνετε.
232 968 396 1054 Vulgatus
419 969 576 1033 reddidit:
606 977 640 1035 ιἰι
662 972 830 1055 disciplina
845 985 1070 1059 perseverate,
1091 999 1128 1041 ac

60 1074 261 1156 ,risoriptum
283 1081 369 1133 esset
392 1068 427 1134 ἐν
447 1070 596 1157 παιδείᾳ.
642 1071 868 1137 Graeciae-tas
885 1070 1058 1138 lectionem
1079 1069 1128 1150 είς

68 1169 266 1256 probabilem
280 1169 443 1234 iudicavit.
486 1170 690 1285 Mat’tltaet‘uc
705 1167 753 1245 είς
766 1169 922 1237 παιδείαν
938 1177 972 1237 in
991 1189 1125 1239 contex-

70 1286 135 1337 tum
148 1272 287 1355 recepit..
324 1263 565 1355 Suspicatur'
533 1293 581 1345 εις
602 1267 643 1333 ob
667 1272 810 1334 vicinum
834 1266 919 1336 εἰδὲ
905 1276 1081 1390 ὲχωρὶςν,
1095 1284 1126 1341 8.

63 1386 101 1451 ¹et
123 1373 207 1460 quod
225 1366 322 1456 paulo
352 1369 463 1432 durius
483 1368 658 1434 dicatur
630 1395 677 1446 εις
702 1368 906 1436 παιδείαν
887 1374 1126 1471 adoptivam

63 1469 227 1551 nonnullis
242 1483 421 1535 correctum
435 1491 520 1552 esse,
543 1493 649 1558 neque
673 1483 781 1536 tamen
799 1472 883 1536 banc
904 1454 1057 1558 loqueddi
1072 1465 1125 1545 ra-

63 1574 185 1635 ·tionern
205 1591 339 1654 prorsus
368 1568 554 1634 inusitatam
583 1594 674 1651 esse,
696 1570 813 1657 probat
831 1572 904 1636 loco
927 1572 990 1636 Ier.
1006 1582 1056 1666 14,
1072 1584 1124 1644 19
1148 1610 1157 1619 ·’

10 1704 14 1709 ·
67 1669 289 1757 ὑπεμείναμεν
310 1667 359 1744 εἰς
376 1662 524 1755 εἰρήνην,
546 1679 605 1755 καὶ
625 1672 686 1737 οὐκ
709 1663 752 1752 ἦν
779 1667 971 1755 αἰγαθιί,’
939 1695 986 1747 εις
1008 1677 1124 1759 καιρόν

64 1765 349 1856 ’.(ιίπεμείναμεν)
333 1768 464 1851 ιιίσεως,
483 1772 542 1834 καί
567 1767 642 1840 ἰδοῦ
663 1772 808 1858 ταραχή
831 1783 863 1835 et
886 1770 1014 1837 Thren.
1025 1783 1055 1855 3,
1070 1781 1122 1841 26.

73 1869 224 1958 ν’πομενεί
231 1872 289 1935 καὶ
302 1868 460 1956 ἡσυχασιι
470 1866 518 1946 είς
531 1871 571 1937 td
586 1871 747 1958 σωτήριον
761 1869 884 1957 κυρίαν.
926 1871 993 1936 Sed
1007 1874 1047 1937 hi·
1058 1873 1123 1949 loci

74 1994 129 2037 non
146 1986 219 2037 sunt
234 1984 345 2034 nostro
360 1971 495 2052 similes,
518 1983 549 2034 et
563 1969 739 2055 ὑπομένειν
752 1971 799 2035 ibi
811 1970 899 2035 valet
913 1987 1121 2058 exspectare.

73 2074 250 2161 Improbant
265 2071 437 2136 lectionem
452 2073 496 2148 είς
513 2071 666 2141 παιδείαν
678 2074 814 2153 Mollior,
835 2072 1016 2153 &egelida
1038 2077 1121 2158 (Va-

74 2185 151 2241 terur
172 2173 354 2237 dubitanter
374 2173 513 2256 scripsit)
536 2173 708 2258 Κνιαμμίαι
725 2174 791 2256 (cui
814 2185 955 2236 erratum
976 2179 1119 2256 peranti-

71 2298 158 2362 quum
176 2274 237 2357 est)
253 2285 285 2334 et
297 2270 416 2359 reliqui
432 2275 535 2339 critici
552 2286 584 2338 et
605 2277 742 2359 interpp.
762 2284 890 2356 praeter
907 2272 1063 2354 Zegerum
1086 2291 1118 2341 et
1174 2334 1177 2341 .

70 2375 188 2442 Ειίίννι
212 2395 257 2436 ex
284 2371 529 2459 antiquioribus.
586 2372 727 2449 Wolfioc
755 2383 788 2434 et
817 2371 1031 2458 Carpzooc'ur,
1065 2376 1119 2437 cui

70 2477 257 2558 suflragatur
276 2473 436 2552 Βδίινιιάι,
458 2484 584 2538 notant:
616 2493 677 2536 nec
699 2474 963 2554 concinnitatem,
985 2496 1044 2539 nec
1066 2495 1119 2536 se-

68 2589 211 2662 quentem
227 2574 383 2658 apodosin
397 2573 472 2636 huic
491 2571 622 2636 lectioni
643 2573 765 2635 lavere.
808 2570 858 2635 Ao
869 2569 1025 2640 Billaios
1041 2572 1118 2660 ‚qui-

67 2664 134 2741 lern
150 2676 254 2760 (cuius
267 2673 367 2736 verba
381 2673 553 2757 apponam)
570 2673 701 2754 coniicit
713 2672 780 2753 „ab
796 2686 926 2751 auctorp
938 2696 997 2739 nec
1013 2677 1118 2761 ipsum

46 2779 179 2842 'audrrm
202 2768 244 2855 εί,
266 2797 370 2861 neque
394 2795 474 2838 vero
487 2773 544 2848 ,είς
564 2772 743 2856 profectum
765 2795 857 2855 esse,
885 2774 943 2836 sed
965 2777 1119 2858 scripturn

64 2879 159 2944 luisse
174 2878 310 2940 forsitan
325 2874 417 2954 εἴτι,
437 2875 575 2937 dictione
592 2870 675 2936 bene
691 2872 856 2956 (Aeschin.
878 2872 953 2938 dial.
978 2881 1010 2955 2,
1029 2882 1065 2938 1.
1075 2875 1115 2937 de

64 2979 286 3064 Syracusanis3
307 2975 505 3060 βουλόμενοι
525 2976 560 3039 τὶ
585 2975 620 3057 (i.
641 2996 671 3038 e.
687 2970 931 3059 aliquantulum)
952 2969 1118 3060 ἐξαπατῆ-

56 3102 117 3145 cac
131 3077 194 3158 τήν
208 3075 317 3162 πόλιν)
334 3076 459 3141 Graeca
473 3074 519 3138 id.
533 3073 585 3159 qd.
602 3081 635 3138 ιι·
646 3076 876 3160 aliquantulum
892 3075 915 3136 i.
926 3095 954 3137 e.
968 3071 1116 3160 aliquan·

35 3204 43 3219 ·
60 3180 128 3244 tulo
143 3178 239 3244 modo
263 3199 300 3241 ac
320 3189 482 3260 tempore3
501 3175 541 3237 de
557 3195 620 3259 qua
636 3195 672 3235 re
694 3174 762 3237 vid.
779 3179 797 3254 1
814 3172 901 3236 Petr.
921 3179 951 3254 1,
962 3177 994 3237 6.
1018 3180 1048 3254 5,
1064 3182 1115 3251 10.

52 3277 138 3344 ‚baec
153 3275 254 3340 verba
268 3274 454 3340 maiusculis
470 3276 630 3339 continuis
646 3271 750 3336 literis
774 3283 920 3352 exarata,
943 3294 1016 3336 curn
1037 3274 1114 3385 quid

48 3378 124 3446 :ribi
140 3375 293 3442 velletri
318 3376 350 3440 b.
374 3375 397 3440 l.
421 3397 486 3439 non
508 3376 589 3438 satis
614 3371 850 3456 intelligeretur
869 3395 889 3436 a
910 3375 1014 3457 primo
1035 3394 1114 3458 quo·

56 3500 153 3568 quarn
173 3474 318 3553 librario,
337 3475 427 3538 facili
449 3495 571 3554 errore,
592 3496 633 3537 ne
653 3475 782 3536 omnino
805 3473 857 3553 id,
878 3472 964 3556 quod
984 3484 1114 3555 praeter

56 3603 87 3646 er
76 3578 245 3658 '‚adesset
266 3587 366 3640 totum
387 3574 591 3654 deleretur,'
582 3595 616 3637 ιιι
638 3575 698 3655 εἰς,
717 3562 855 3635 infelici
862 3572 930 3635 lato
955 3583 1113 3635 transmu-

54 3692 125 3745 tata
139 3699 223 3742 esse.
225 3682 247 3716 “
288 3673 412 3739 Mihi
386 3695 433 3737 src
448 3674 586 3739 videtur.
627 3665 829 3738 Fortasse
796 3695 827 3736 ec
847 3674 971 3736 incuria
986 3669 1118 3739 librarii
1199 3736 1203 3747 ,

54 3783 212 3847 omissum
233 3787 318 3856 erat,
345 3777 607 3860 grammaticus,·
627 3777 681 3860 qui
708 3771 866 3839 παιδείαν
898 3769 1112 3855 coniungebat

44 3903 129 3946 cum
147 3875 366 3964 παραδέχεται
386 3874 633 3960 (Oeoumeniusz
655 3868 704 3951 εἰς
724 3869 883 3939 παιδείαν
909 3871 1021 3949 καλεῖ,
1043 3865 1109 3934 oria

50 3977 102 4056 εἰς
130 3975 304 4061 κόλασιν),
326 3980 409 4040 inter
432 3975 535 4039 lineas
557 3972 718 4039 scribebat
737 3969 798 4054 εἰς,
819 3973 905 4058 quod
924 3970 1050 4049 librarii
1074 3971 1109 4047 ip

50 4081 198 4146 ordinem
218 4075 431 4161 recipiebant.
472 4076 566 4141 Alius
587 4076 642 4161 qui
665 4068 811 4139 verba’
784 4097 831 4148 εις
853 4068 1011 4140 παιδείαν
1033 4091 1117 4134 con-¹

43 4178 207 4267 iungebat
221 4200 294 4278 curu
305 4174 508 4261 ὑπομένετε,
514 4177 565 4244 cui
581 4188 687 4243 tamen
703 4175 785 4242 baec
806 4174 956 4264 formula
965 4170 1109 4267 insolen-

709 4250 971 4364 ⁴Gg„
