2604 4746
441 310 602 385 Carnu
628 314 681 387 11.
716 337 753 388 v.
778 321 812 389 5.
1131 327 1181 421 533
1287 362 1294 373 -

114 473 298 560 paritione,
323 475 535 540 sensuienne
548 473 626 540 hoc:
649 490 782 563 apparet
796 499 885 565 ergo,
909 477 1181 566 splendidissimis

115 601 135 640 a
152 576 229 642 Deo
250 576 411 662 auspiciis
431 573 648 640 coufinuatam
667 597 740 641 esse
760 592 792 643 et
814 593 957 677 nortrq
976 581 1180 670 religionem,

109 676 313 763 'quamquam
337 696 403 739 non
421 672 608 760 augelorum
628 679 840 762 apparitione.
883 679 999 769 Neque
1018 685 1104 749 enim
1121 705 1179 748 ne·

115 778 298 840 cessarium
309 774 484 856 illuderet,
505 788 560 839 aut
570 774 645 840 fleri
656 776 739 842 hene
751 782 868 864 potuit;
890 802 1027 869 namquo
1041 795 1102 849 etc.
1124 785 1179 849 Ex

118 873 259 939 aliorum
284 878 446 941 sententia
464 874 518 940 hic
536 898 568 940 v.
589 875 741 943 cohaeret
758 900 831 944 cum
853 887 883 962 1,
906 887 957 946 14.
985 882 1178 970 Interrupis·

116 999 150 1040 se
162 979 345 1062 opinantur
357 977 546 1062 scriptorem
559 998 630 1063 cap.
643 984 674 1042 2.
688 981 959 1064 comparationem
972 979 1093 1049 Christi
1106 1005 1179 1049 curu

115 1076 243 1163 angelis
260 1099 289 1142 c.
313 1083 341 1161 1.
360 1078 549 1158 institutam,
574 1088 608 1141 et
622 1084 654 1159 2,
668 1086 746 1145 1-5.
768 1078 1022 1145 cohortationem
1042 1082 1085 1146 ad
1101 1105 1178 1147 con·

113 1180 267 1241 stantiam
293 1179 330 1240 in
352 1176 535 1262 profitenda
558 1174 718 1263 religione
744 1176 920 1244 christiana
942 1181 1177 1267 interposuisse

114 1291 267 1366 tanquam
279 1280 317 1342 in
327 1279 523 1364 parenthesi,
539 1299 638 1343 versu
651 1291 757 1344 autem
770 1279 865 1343 huius
878 1301 948 1364 cap.
963 1283 1074 1367 quinto
1087 1280 1178 1348 illam

114 1381 390 1463 comparationem
407 1379 589 1464 repetiisse.
632 1379 700 1444 Sed
720 1379 811 1446 filum
831 1383 987 1446 orationis
1009 1403 1074 1445 non
1093 1394 1177 1447 ests

113 1479 295 1566 longinquo
314 1478 504 1567 petendum,
535 1478 621 1565 quod
646 1500 719 1544 cum
743 1482 904 1566 proximis
928 1481 1079 1546 versibus
1101 1495 1177 1568 apte

113 1581 196 1645 necti
206 1590 331 1666 potest,
354 1590 387 1644 et
399 1591 435 1642 ut
447 1578 512 1643 alia
523 1591 711 1664 argumenta
723 1581 756 1643 in
768 1583 953 1666 praesentia
965 1594 1177 1667 praeteream,

114 1683 174 1745 sid,
196 1692 268 1744 not.
292 1679 334 1743 ad
354 1687 384 1760 1,
406 1686 456 1745 14.
478 1681 511 1743 'et
531 1702 614 1767 quae
632 1680 786 1767 deinceps
805 1676 847 1744 ad
867 1702 980 1745 vocem
998 1678 1177 1766 οἰκουμένη

116 1782 287 1867 μέλλουσα
306 1778 519 1862 notabuntur,
542 1782 650 1866 ipsum
668 1803 796 1869 quoque
815 1803 971 1866 praesens
995 1781 1177 1866 λαλοῦμεν,

115 1883 247 1946 remittit
269 1877 426 1967 lectorem
446 1881 488 1944 ad
507 1903 548 1945 ea
566 1903 649 1968 quae
667 1884 817 1966 proxime
836 1892 1094 1967 praecesserunt.
1136 1879 1176 1943 lu

115 1981 311 2069 explicanda
325 1978 464 2045 formula
477 1974 654 2068 οἰκουμένη
664 1982 834 2067 μέλλουσα
851 1984 934 2046 mira
951 1993 1001 2049 est
1017 1982 1176 2065 interpre-

69 2164 71 2173 .
108 2079 176 2149 'mm
189 2083 369 2146 dissensio.
413 2080 495 2145 Sunt
507 2083 563 2168 qui
576 2081 707 2144 credant
727 2081 904 2167 significari
922 2081 974 2145 his
987 2079 1097 2144 verbis
1110 2091 1175 2142 sta·

69 2184 71 2255 f
115 2198 175 2249 tum
191 2182 359 2248 ecclesiae
370 2181 433 2246 hoc
447 2193 592 2266 ternpore
604 2181 800 2264 inchoatum,
821 2195 854 2245 et
867 2179 1038 2265 aliquando
1053 2184 1088 2243 in
1101 2198 1174 2241 coe-

69 2260 72 2311 ἶ
114 2285 143 2349 lo
160 2282 461 2350 consummandum.
502 2281 583 2363 Alii,
602 2281 698 2347 inhis
714 2282 869 2349 cameron
885 2293 917 2346 et
936 2282 1087 2359 Grotius,
1108 2288 1173 2340 sta·

69 2382 71 2425 ³
115 2399 200 2450 tuunt
220 2383 364 2464 coelum,
390 2383 486 2448 sedes
504 2381 672 2448 beatorum
690 2385 725 2447 in
744 2382 836 2447 coelo
862 2382 1009 2449 indicari.
1052 2379 1120 2444 Sed
1139 2379 1174 2442 in

115 2487 314 2574 antegressis
326 2504 392 2550 uon
407 2495 458 2547 est
470 2493 577 2546 sermo
584 2483 630 2546 ‘de
638 2481 798 2560 ⁴felicitate
816 2494 890 2568 post
904 2494 1041 2547 mortem
1052 2481 1173 2560 lutura,

116 2610 168 2653 uec
186 2583 386 2652 vocabulum
404 2581 551 2667 σωτηρία
571 2589 600 2665 1,
622 2589 673 2648 14.
690 2595 726 2647 ut
742 2584 790 2648 ihi
809 2585 966 2664 vidimus,
991 2581 1054 2648 hoc
1073 2601 1173 2645 sensu
1218 2588 1223 2595 ’

116 2688 384 2774 capiendum'est.
426 2683 481 2746 Ex
497 2680 635 2746 aliorum
655 2686 830 2766 sententia,
852 2704 959 2748 rerum
977 2683 1172 2746 universitas

89 2832 94 2844 ·
114 2786 324 2874 intelligenda
349 2788 408 2848 esti
458 2781 583 2847 venun
610 2782 685 2847 huic
708 2783 965 2870 interpretationi
990 2783 1172 2866 refragatur

114 2900 301 2967 contextus,
329 2896 365 2947 ut
385 2884 450 2947 iam
466 2879 550 2946 benc
577 2883 743 2947 admonuit
758 2885 1027 2970 assensuros-us.
1070 2880 1171 2964 Equi-

114 2992 179 3055 dem
192 2991 229 3052 in
243 3006 358 3051 eorum
369 2984 578 3067 interpretum
591 2983 862 3066 partessdiscedo,
886 2984 941 3071 qui
953 2982 1014 3046 hac
1031 2968 1172 3045 formula

112 3089 277 3176 designari
302 3071 448 3150 censent:
476 3086 631 3165 semiss,
662 3083 994 3164 numismatorum,
1023 3100 1169 3166 regnum,

112 3191 282 3275 imperium
307 3183 471 3264 Messiae,
501 3184 536 3245 in
558 3183 620 3247 hac
642 3187 730 3249 terra
755 3185 955 3264 inchoatum,
988 3181 1073 3269 quod
1099 3194 1169 3243 tan·

112 3313 202 3378 quarn
214 3309 281 3352 rex
302 3297 336 3350 et
348 3285 495 3349 dominus
509 3287 640 3370 generis
652 3285 784 3349 humani
796 3286 847 3350 his
866 3286 1009 3349 interris
1023 3286 1100 3369 agit,
1123 3302 1169 3346 ex

114 3412 169 3476 quo
183 3392 219 3452 in
232 3384 362 3452 coelum
372 3384 479 3465 rediit,
503 3383 582 3449 olim
597 3386 632 3448 in
648 3381 741 3453 coelo
756 3385 1051 3467 consummandum,
1073 3378 1167 3450 οἰκο-

113 3491 230 3573 νομίαν
246 3487 308 3566 τῆς
331 3485 449 3564 καινῆς
461 3481 633 3564 διαθήκης
647 3483 777 3548 Christo
796 3487 890 3550 unice
903 3487 1081 3551 subiectam
1099 3485 1165 3549 vid.

72 3658 76 3667 ,
113 3589 227 3654 netad
241 3593 272 3667 1,
287 3591 318 3650 3.
341 3587 426 3648 extr.
468 3581 584 3669 Neque
600 3583 676 3649 huic
693 3572 949 3671 interpretationi
964 3587 1027 3653 hoc
1047 3585 1165 3663 obstat,

115 3689 193 3776 quod
207 3689 258 3751 sic
270 3707 343 3750 voc.
354 3684 487 3770 μέλλων
504 3684 621 3748 dicitur
640 3683 681 3746 de
701 3693 847 3770 ternpore
865 3698 953 3752 certa
965 3685 1101 3773 quadarn
1113 3704 1165 3745 ra·

115 3790 195 3852 tione
214 3782 442 3874 praeterlapso
464 3783 511 3869 (id
530 3783 618 3871 quod
639 3783 775 3846 offendit
791 3784 992 3872 nonnullos),
1013 3781 1165 3869 Apostoli

116 3890 208 3968 cuim,
229 3897 267 3949 ut
279 3906 379 3970 supra
388 3885 527 3949 vidimus
546 3886 587 3948 ad
601 3891 630 3965 1,
645 3889 676 3946 2.
698 3883 797 3947 simili
815 3887 942 3950 ratione
961 3905 1025 3949 nou
1043 3893 1165 3946 tautum

117 3984 230 4051 Christi
245 3997 385 4070 tempus,
409 3984 514 4048 sedet
528 4004 619 4048 suam
631 3994 779 4068 aetatem,
801 3987 950 4051 dicebaut
960 3988 1071 4051 ultima
1083 3993 1163 4048 iest-

117 4107 201 4171 μονα,
229 4097 263 4150 et
281 4095 318 4148 ut
337 4083 555 4169 intelligenter
574 4083 760 4150 observavit
780 4088 914 4154 Ws'tsiss
930 4086 1017 4171 Opp.
1031 4081 1072 4148 Τ.
1084 4089 1113 4147 1.
1128 4103 1162 4168 p.

123 4190 183 4254 505.
204 4185 298 4254 Rom.
312 4191 345 4270 5,
358 4191 410 4254 14.
433 4183 582 4254 Christus
597 4186 694 4254 etiam
712 4208 884 4276 praesens,
906 4199 939 4253 ct
958 4207 1017 4275 per
1036 4184 1164 4274 passio·⁴
