2604 4746
123 340 130 348 ·
237 252 647 379 duodennatum.
669 309 757 377 Csr.
780 311 806 377 1.
850 314 931 391 bd.
1057 336 1128 382 mr

57 486 445 561 blitr.1.-'et·3.init
465 486 602 545 oratione
623 486 881 559 communicativa,
903 506 990 564 quam
1011 490 1125 565 dicunt,

59 606 132 648 nsum
147 604 217 647 esse
232 598 274 647 ut
284 578 449 662 ιΜμᾶς
459 587 587 663 positum
607 589 648 645 sit
660 589 725 643 loco
738 589 920 664 pronominis
935 584 1017 664 ὑμᾶς.
1063 590 1124 649 l'e·

58 707 112 747 mm
127 688 201 747 haec
217 688 371 747 cretionis
386 687 481 767 ligura
503 685 636 745 adhiberi
649 687 771 764 quidem
788 700 885 766 potest
899 690 931 747 in
944 689 1123 751 cohortatio-

58 790 144 864 nibus,
166 789 229 871 sed-
247 806 315 847 aon
337 789 370 845 in
391 804 526 845 sermons
543 785 695 846 historico.
738 788 798 847 Alii
815 792 889 849 orale
904 810 940 849 se
956 810 1122 869 perperam,

57 898 234 970 repugnante
253 888 407 946 'orationis
430 886 519 958 serie,
542 882 582 949 εἷς
608 878 683 957 ἡμᾶς
705 889 925 963 explicuerunt,
954 894 997 951 cd
1016 905 1123 951 nostra

58 999 190 1069 tenpore.
238 985 329 1046 Cous.
351 987 473 1045 omino
498 982 638 1045 Bleehiss
659 987 680 1043 l.
696 989 715 1044 l
731 1006 758 1064 p.
773 985 835 1048 285
851 1008 914 1066 sqq.
936 995 987 1069 qui
1004 997 1122 1071 copiose

58 1100 82 1146 et
93 1090 181 1150 docte
194 1100 359 1166 umque
374 1090 473 1146 locum
484 1087 698 1162 interpretandi
712 1086 857 1146 rationem
871 1093 1019 1151 refutarit

127 1186 164 1270 3)
187 1190 284 1249 Haud
297 1190 366 1246 lare
382 1184 610 1264 deprehenditur
621 1187 779 1245 discrimen
790 1189 869 1247 inter
883 1189 958 1249 hanc
973 1197 1122 1270 epistolam

57 1301 135 1369 atqua
153 1290 318 1361 Paulines,
339 1286 416 1364 quud
432 1290 540 1345 attinet
566 1306 613 1346 res
631 1298 842 1365 pertractatas,
862 1291 1035 1369 modumque
1062 1305 1123 1351 trs·

58 1392 161 1460 standi„
184 1390 330 1469 inprimis
352 1387 580 1466 argumentandi
598 1390 755 1462 rationem,
776 1394 919 1451 orationis
943 1393 1069 1451 formam
1093 1404 1124 1451 et
1175 1418 1179 1423 ·

59 1492 222 1550 dictionem·
269 1484 305 1568 a)
325 1486 451 1546 Diverso
472 1486 557 1545 modo
577 1486 685 1546 Paulus
708 1499 739 1547 et
757 1488 862 1550 harum
876 1495 1030 1551 literarum
1046 1496 1120 1551 scri-

60 1603 117 1666 plor
135 1593 187 1649 asi
208 1600 286 1674 sunt
305 1587 455 1648 uocabulo
476 1584 578 1653 πίστις.
619 1587 676 1647 Est
699 1590 816 1664 quidem
837 1595 926 1658 πίστις
948 1597 1066 1671 utrique
1087 1616 1123 1654 ea

62 1694 141 1749 enimi
162 1694 217 1767 pis
240 1688 379 1761 allecem·
394 1706 452 1764 qua
472 1689 586 1767 gratim
602 1684 661 1747 Dei
682 1691 876 1766 confidimus,
906 1706 938 1751 et
958 1698 1121 1755 certissime

63 1810 218 1872 speramus,
240 1804 313 1849 enm
331 1790 477 1867 pronrissa
497 1799 680 1847 serratarum
697 1808 774 1848 esse.
816 1792 877 1851 Sed
895 1792 1002 1853 Paulus
1017 1797 1119 1877 loqui-

49 1887 102 1951 'nr
120 1894 157 1952 de
182 1893 246 1951 lide
267 1889 440 1951 ira-Christo
457 1889 576 1966 eiusque
596 1899 692 1949 morta
715 1894 873 1967 collocata,
901 1913 961 1973 qua
986 1894 1122 1956 homiues

65 1992 117 2052 lieo
135 1980 323 2072 probantur,
350 1970 471 2068 Quae
490 1985 583 2065 ἔργοις
604 1984 695 2064 νόμον
719 1996 848 2071 opponit.
890 1994 1000 2053 Nostro
1024 2010 1123 2058 sutem

68 2096 192 2171 scriptori
212 2092 313 2156 πίσιις
335 2110 389 2169 per
401 2108 492 2168 quam
508 2088 644 2149 homines
662 2088 726 2148 Deo
746 2093 920 2167 probantur,
942 2098 1062 2155 omnino
1078 2109 1124 2156 est

41 2219 44 2223 ·
74 2172 159 2253 iducis
174 2204 267 2254 certa
280 2194 316 2250 in
329 2189 394 2249 Deo
411 2192 535 2267 desque
555 2192 800 2268 promissionibus
813 2195 942 2268 reposita
954 2194 1012 2273 sid.
1029 2198 1079 2267 11,
1095 2200 1124 2256 1.

78 2293 173 2358 8-19.
222 2294 276 2352 lta
297 2293 413 2370 quidem
434 2290 539 2350 Paulus
553 2282 593 2350 'et
614 2291 702 2350 huius
717 2294 857 2369 epistolae
871 2304 975 2353 auctor
988 2315 1048 2354 non
1063 2296 1123 2354 dis-

70 2394 153 2454 iuncta
166 2405 201 2452 et
214 2395 372 2451 eucharia
384 2392 503 2465 docent,
522 2392 573 2453 aad
587 2403 704 2459 tantmu
718 2391 811 2451 storo
825 2392 860 2453 sb
877 2396 936 2454 alia
948 2407 1033 2472 parte
1057 2418 1123 2474 spe-

67 2506 140 2554 eunt
185 2492 394 2569 Quodsinrero
408 2491 518 2552 Paulus
536 2492 625 2551 hasce
650 2495 752 2551 literas
776 2498 942 2571 scripsisset
961 2496 1122 2555 destinam

65 2593 227 2654 christianis
249 2603 340 2651 antea
360 2590 488 2666 ludaeis,
509 2595 562 2671 qni
573 2595 687 2670 patriae
699 2596 854 2673 religionis
868 2614 969 2654 amore
983 2608 1122 2657 teneren-

63 2706 113 2769 tsr,
131 2707 164 2754 et
178 2693 218 2753 ad
235 2693 386 2752 deiectum
402 2713 419 2751 s
434 2693 569 2753 doctrina
583 2693 745 2753 christiana
760 2698 847 2771 proni
860 2706 970 2769 essent,
991 2717 1057 2756 cunr
1074 2698 1123 2756 lu·

62 2797 117 2853 daei
130 2796 228 2872 ἲργοις
244 2789 338 2867 νόμον
351 2792 552 2874 confidereut3
572 2792 651 2852 haud
675 2803 720 2854 est
739 2794 867 2869 dubium,
887 2799 957 2874 quin
973 2801 1064 2857 verba
1079 2800 1124 2857 is·

61 2907 153 2954 rtnrus
166 2896 286 2955 inisset
304 2894 340 2953 de
357 2896 411 2953 illa
429 2895 519 2953 aloru
538 2896 672 2971 opposita
685 2891 776 2970 ἔργοις
788 2891 886 2970 νόμον,
909 2915 996 2973 quam
1013 2903 1045 2958 in
1061 2903 1126 2977 epi-

59 3000 136 3056 stolis
164 2999 231 3055 suis
262 2989 449 3054 sommendat
466 3006 496 3053 et
515 2994 674 3072 praedicat
716 2992 825 3055 Paulus
846 3001 878 3056 in
910 3002 1040 3073 epistolis
1064 3003 1125 3057 suis

59 3097 167 3156 Christi
187 3100 222 3155 in
243 3097 337 3155 vitam
352 3095 480 3155 reditum
495 3106 633 3173 tauquam
647 3104 710 3153 rens
724 3099 845 3155 maximi
859 3103 1003 3157 momenti
1017 3119 1125 3176 propo·
1238 3090 1242 3097 ’

59 3201 114 3272 nit,
137 3209 172 3256 et
189 3198 422 3263 resurrectionis
450 3205 539 3272 atque
565 3198 670 3253 mortis
700 3194 811 3255 Christi
840 3217 926 3275 quom
956 3203 1125 3275 saepissime

60 3300 243 3358 coniunctim
263 3297 445 3353 mentionem
464 3296 553 3370 iacit3
573 3295 676 3355 harum
703 3307 801 3355 autem
828 3300 978 3356 literarum
999 3303 1126 3378 scriptor

60 3400 168 3460 Christi
181 3402 216 3458 in
230 3400 323 3456 vitam
339 3397 557 3457 revocationem
572 3397 666 3455 obiter
680 3407 797 3455 tanturn
813 3412 1058 3458 commemorate.
1075 3404 1125 3474 13,

28 3518 31 3523 '
62 3504 104 3563 10.
125 3512 159 3559 et
180 3498 323 3573 inprimis
347 3492 457 3553 Christi
474 3505 598 3554 mortem
626 3499 747 3574 eiusque
765 3501 964 3561 ¹sacerdotium
988 3501 1123 3558 celebrat.

61 3601 165 3661 Paulus
187 3600 310 3674 saepius
330 3595 450 3654 diuerit
471 3595 508 3655 de
531 3595 649 3657 christo
670 3578 787 3670 iudice,
814 3598 851 3658 de
873 3618 965 3679 regno
984 3600 1125 3674 Satanae,

62 3704 93 3761 de
105 3717 269 3778 corporum
280 3696 513 3770 resurrectione3
534 3696 607 3755 haee
621 3700 672 3775 qui
689 3696 741 3757 has
759 3701 893 3760 exsrovit
903 3703 1006 3758 literas
1020 3703 1126 3760 leviter

63 3814 174 3862 tautum
195 3799 302 3878 attigit
317 3812 347 3854 r.
367 3795 399 3868 9,
417 3794 468 3854 28.
500 3800 531 3870 2,
549 3801 596 3858 14.
626 3801 657 3872 6,
672 3801 699 3857 2.
743 3798 852 3859 Paulus
876 3820 1019 3878 nusquam
1043 3800 1126 3861 Chri·

63 3917 133 3963 stum
154 3901 344 3961 sacerdotem
362 3915 506 3955 summum
524 3900 695 3975 appellavit3
722 3901 772 3976 qui
792 3900 844 3959 has
870 3904 972 3960 literas
999 3906 1117 3979 scripsit

65 4026 122 4064 eum
145 4003 202 4063 hoe
227 4001 349 4059 nomine
369 3998 513 4076 insignit,
542 4003 627 4076 eique
649 4000 753 4057 tribuit
774 4003 969 4061 sacerdotium
992 4007 1130 4079 coeleste,

68 4118 229 4176 aeternum3
257 4117 355 4176 neque
375 4094 487 4156 Paulus
511 4096 660 4156 Christum
688 4104 852 4161 nominavit
874 4097 1047 4171 incoactos,
1072 4125 1131 4182 quo

71 4210 172 4269 suine
197 4222 267 4264 eum
287 4198 375 4277 huius
396 4196 540 4274 epistolae
562 4210 666 4260 auctor
689 4213 847 4280 nuncupat.
872 4224 896 4262 e.
916 4205 944 4264 3.
988 4200 1024 4284 ri)
1037 4205 1133 4264 inter·

857 4297 879 4361 b
908 4344 912 4352 .
