2632 4740
11 408 14 413 Ι
371 302 764 404 convallia&
861 268 1122 380 '⁰'s93<
1213 306 1220 347 ⁸

10 486 16 587 ι
63 467 102 532 τά
117 461 258 552 ἄγαλμα
275 465 369 553 παρά
390 464 602 558 Πολυκλείτῳ
620 480 760 537 statuam
775 491 797 534 α
813 471 974 554 Polycleto
987 467 1122 546 societt-
1153 526 1156 532 .

62 571 138 634 άσκτ
157 576 287 634 curare·
320 577 337 635 1
352 568 454 634 Mace.
469 576 501 649 3,
515 575 567 635 29.
589 569 629 633 de
641 568 800 635 Antiocho
823 570 878 654 qui
893 591 953 652 per
972 570 1123 633 continua

64 667 155 732 bella
168 670 335 754 regionem
349 653 543 735 vastaverat:
560 665 658 756 χάριν
669 669 882 752 τῆς-πληγῆς
893 656 933 746 ἧς
945 665 1123 735 κατεσκεύ-

10 788 12 815 ³
63 789 151 834 ασεν
169 767 206 834 ἓν
223 769 266 860 τῇ
284 771 327 862 γῇ
338 782 479 858 propter
498 775 708 835 cantationem
726 777 879 854 regiones,
901 780 989 838 cuiue
1006 784 1122 839 auctor

10 908 13 931 ι
63 878 152 934 erot-
196 867 393 956 interpretes
410 868 627 936 Alexandrini
646 873 842 956 coniungunt
857 873 1121 952 κατασκευάζειν

64 982 101 1034 ot
115 970 227 1036 ποιεῖν
244 982 396 1055 tanquam
410 989 586 1054 synonyma
602 968 666 1035 les.
683 978 735 1054 45,
749 977 779 1037 7.
801 971 899 1056 tyto
917 969 1122 1040 κατασκευά-

10 1114 12 1169 j
63 1091 131 1155 σας
150 1071 243 1158 φῶς,
263 1071 323 1135 καὶ
345 1065 634 1149 ασιήσαςσκότος.
653 1071 719 1137 les.
731 1080 786 1154 40,
799 1058 850 1138 28.
874 1071 957 1150 θεὸς
976 1071 1121 1140 άκατα-

10 1174 13 1261 ζ
61 1167 236 1246 σκευάσας
249 1168 294 1233 τά
308 1165 401 1254 άκρα
419 1169 476 1248 τῆς
489 1171 551 1255 γῆς
561 1179 618 1257 qm·
628 1182 753 1239 creavit
763 1184 912 1240 extrema
922 1184 1044 1254 terroe,
1064 1170 1123 1238 nbi

10 1264 13 1311 ¹
62 1283 101 1332 ut
114 1270 293 1351 Ies.45,7.
314 1271 453 1335 intextn
467 1269 569 1337 Hehr.
587 1271 720 1338 vertum
737 1285 808 1340 m:
824 1273 956 1361 legitur.
998 1272 1122 1335 Eodem

10 1316 18 1617 ι
61 1372 164 1435 modo
181 1370 290 1435 Latini
302 1391 459 1456 usurpare
475 1371 582 1438 solent
595 1372 729 1439 verbum
741 1376 877 1442 condere
896 1372 990 1461 Virg.
1003 1371 1072 1438 Ecl.
1089 1378 1120 1452 2,

33 1532 37 1538 .
61 1477 120 1536 61.
140 1474 256 1538 Pullos
278 1493 357 1558 quac
380 1474 642 1540 condiditorces.
665 1472 734 1538 Cio.
754 1471 849 1538 Catil.
864 1479 895 1555 3,
914 1481 943 1538 1.
970 1475 1122 1540 Romulus

10 1628 13 1635 .
62 1570 217 1657 quidhoc
230 1566 337 1636 erdem
356 1574 508 1638 condidit.
529 1572 555 1636 F
557 1573 618 1638 lor.
627 1583 663 1655 4,
679 1581 729 1638 12.
750 1579 913 1661 rotpertum
928 1573 1022 1663 Yirg.
1036 1568 1120 1639 Aen.

10 1686 13 1753 j
63 1679 98 1752 1,
114 1676 169 1737 37.
189 1673 364 1737 Romanam
376 1674 513 1738 condere
523 1684 648 1754 gentem
667 1673 865 1740 hofacere
882 1685 918 1737 nt
929 1695 1009 1760 gens
1022 1683 1120 1752 esset,

61 1793 150 1857 qnae
173 1771 342 1867 aliquando
355 1770 499 1836 Romana
518 1773 687 1839 diceretur.
732 1773 792 1839 Sil.
811 1773 883 1839 Ital.
900 1782 933 1856 4,
950 1779 1022 1840 767.
1044 1774 1123 1840 Mos

10 1892 13 1947 ξ
50 1871 134 1948 fmt
151 1879 188 1937 τ’ττ
202 1875 344 1960 populeo,
365 1893 442 1957 quos
459 1875 597 1940 condidit
616 1877 741 1941 advena
757 1873 846 1941 Dido
865 1878 1003 1942 Poscere
1023 1877 1121 1939 coede

59 1969 175 2035 Deum
188 1978 320 2037 centon.
346 1970 390 2037 H.
402 1970 426 2037 1.
441 1969 461 2037 ὁ
474 1971 727 2050 κατασκευάσας
739 1963 831 2041 οἶκον
847 1987 896 2039 est
909 1987 1034 2057 auctor,
1047 1998 1123 2041 σου·
1170 1994 1178 2001 ·
1221 1970 1225 1981 ’

57 2074 166 2151 άίίοτ,
188 2070 332 2158 adeoque
346 2092 391 2136 ex
403 2073 552 2138 adiuncto
562 2074 872 2153 dominorfamilioe.
915 2075 1038 2138 Sensus
1057 2086 1121 2140 est:

60 2169 220 2235 Christus
243 2183 366 2236 tantum
392 2184 526 2259 superat
550 2172 704 2258 dignitate
730 2186 762 2240 et
787 2175 975 2239 anctoritate
992 2172 1122 2253 Mosen,

56 2284 221 2359 quantum
236 2271 378 2337 familiae
407 2284 550 2359 praestat
570 2275 714 2339 eiusdem
740 2277 884 2340 conditor
906 2296 944 2339 ac
964 2274 1122 2340 dominus.

57 2373 186 2438 Tacite
212 2371 355 2458 appellat
375 2375 512 2459 scriptor
532 2374 695 2442 Christum
721 2374 782 2444 τὸν
808 2373 1123 2456 κατασκευάσαντα,
1204 2377 1210 2382 ’

56 2495 174 2539 novae
185 2465 328 2538 familiae
340 2475 537 2541 conditorem
558 2490 590 2541 et
608 2480 780 2558 dominum,
802 2468 938 2565 quocum
957 2476 1123 2540 commode

48 2597 141 2639 'enm
161 2564 348 2661 comparare
369 2578 483 2661 potuit.
526 2579 653 2642 Etenim
670 2581 706 2642 in
726 2578 850 2643 familia
864 2575 1122 2664 primumlocnm
1207 2604 1208 2608 ¹

57 2675 233 2740 obtinebat
248 2675 389 2741 familiae
403 2689 523 2758 auctor,
542 2678 651 2759 herus,
669 2678 753 2744 hunc
768 2681 891 2744 honore
901 2689 943 2763 ‘et
963 2688 1124 2761 potestate

58 2776 299 2863 aequiparabat
310 2775 397 2840 filius
412 2773 645 2865 primogenitus
660 2779 725 2843 vid.
738 2791 804 2844 not.
819 2780 860 2843 ad
873 2787 903 2860 1,
920 2782 950 2841 6.
973 2777 1042 2863 (qui
1056 2775 1123 2840 La-

60 2878 146 2942 tinis
159 2877 325 2942 dicebatur
337 2876 432 2943 herus
445 2885 547 2943 mereor
554 2877 664 2964 plaut.
673 2878 765 2943 Asin.
773 2887 804 2961 2,
812 2887 842 2944 2.
849 2882 932 2964 63.);
953 2890 1026 2964 post
1039 2877 1123 2941 hunc

63 2977 240 3063 plurimum
253 2979 416 3064 dignitatis
429 2976 568 3042 hahebat
583 2999 697 3042 servus
714 2979 782 3061 ille,
804 2982 860 3067 qui
877 2979 1053 3042 vocabatur
1069 2973 1124 3044 σι’-
1179 3038 1183 3045 .

68 3075 223 3163 κάνομος,
244 3077 483 3154 rcifaou'h’art‘o
498 3082 753 3148 administrator.
795 3082 906 3167 Itaque
926 3090 1035 3142 auctor
1053 3082 1123 3163 epi·

73 3177 175 3258 stolae
196 3193 344 3260 nostrae,
367 3183 422 3266 qui
436 3178 569 3262 sciebat,
592 3181 755 3246 Christum
767 3181 946 3245 arctissime
964 3200 1037 3244 esse
1050 3200 1124 3244 curn

37 3278 43 3291 '
74 3282 384 3361 patreooniunotum,
407 3284 477 3344 eius
490 3281 664 3346 doctrinam
678 3294 710 3345 et
722 3282 955 3345 institutionem
975 3302 1048 3359 esso
1064 3303 1123 3366 pa·

80 3381 131 3444 tris
149 3381 341 3462 doctrinam,
362 3403 427 3445 non
449 3380 573 3445 dubitat
590 3393 711 3447 tantum
729 3381 923 3445 discriminis
942 3383 1026 3446 inter
1050 3381 1124 3447 Mo·

10 3480 27 3519 ⁶
52 3544 56 3549 ,
85 3492 173 3545 anet
184 3480 348 3555 Christum
361 3481 463 3549 filium
475 3505 607 3567 ponere,
633 3495 783 3569 qnantum
797 3483 1018 3548 intersitinter
1029 3484 1124 3550 farni-

10 3571 33 3625 'i
87 3571 148 3644 lium
161 3583 369 3670 eiusdemque
390 3584 585 3649 conditorem
600 3607 637 3649 ac
650 3571 913 3649 tominmniooll.
925 3606 957 3647 v.
974 3588 1005 3649 6.
1027 3583 1124 3648 Simi-

10 3658 43 3712 a*
90 3671 320 3768 lircomparatio
332 3682 451 3769 legitur
464 3706 516 3769 ap.
528 3683 655 3749 Philon.
667 3685 707 3748 de
717 3684 820 3749 Plant.
835 3683 907 3750 Noe
919 3705 952 3769 p.
969 3688 1043 3745 224.
1056 3676 1124 3770 ὅσῳ

19 3742 48 3805 ss*
94 3768 397 3866 Υᾶρὸκτησάμενσς
421 3782 460 3850 τά
482 3785 593 3870 κτῆμα
614 3785 672 3851 τοῦ
693 3785 862 3871 κτήματος
883 3781 1042 3871 άμεὶνων,
1065 3781 1125 3845 καὶ
1221 3786 1224 3797 “

96 3873 122 3939 td
131 3882 298 3962 πεασιηκὸς
310 3881 372 3950 τοῦ
384 3881 571 3971 γεγονότος.
614 3884 703 3951 Usus
717 3900 822 3953 autem
835 3899 885 3952 est
895 3895 1004 3949 noster
1016 3883 1050 3944 in
1061 3881 1124 3945 hac

17 4035 47 4094 s
97 3967 258 4049 hosiscum
275 3983 404 4048 Christo
419 3988 655 4070 comparatione
668 4009 738 4052 voc.
752 3978 851 4069 οἶκος,
872 4008 931 4051 nec
950 3984 1051 4069 partis
1065 3983 1122 4046 do·
1242 4020 1246 4027 ·

10 4056 48 4191 ‚dt
100 4085 164 4157 11118,
183 4081 285 4167 qualis
299 4083 421 4148 ‘Moses
439 4087 518 4165 fuit,
540 4107 604 4150 non
625 4091 730 4170 servi,
752 4089 810 4154 sed
824 4089 995 4167 familiae,
1016 4082 1123 4164 οἴκου,

101 4179 262 4248 ermonem
283 4184 371 4269 fecit,
393 4199 427 4250 ut
447 4186 528 4252 adeo
547 4185 748 4279 intelligendi
767 4192 831 4256 siut
850 4208 960 4262 omnes
977 4183 1122 4251 familiae

10 3835 50 3903 ,οὗ

15 3952 50 3995 tr

10 4253 44 4295 5OE
