2604 4746
421 302 873 417 Garurlldvlta¹
987 283 1188 432 3125.
1265 396 1266 401 ι

103 495 153 572 20,
165 501 223 560 22-
228 501 281 578 23,
294 499 347 563 33.
353 453 576 577 ‚enumeratae
600 497 656 571 sic
671 495 801 580 ἐντολὴ
804 501 844 566 de
859 503 946 574 omni
959 501 1036 591 lege
1049 507 1147 575 etiam

96 598 275 678 occurriti,
291 603 343 664 18.
363 578 464 663 ubiv.
479 594 583 665 παντὶ
596 622 643 689 τῳ
625 599 729 691 λαῷ
750 622 832 667 onas
828 607 979 688 populo,
1002 605 1147 691 sequitur

95 694 203 762 odora
219 696 280 764 τόν
290 695 403 765 λαόν
367 692 560 790 ιρῥιὶντισε
572 696 686 764 Moses
699 703 855 788 sangnine
868 725 985 772 οιιιιιιιιι
993 708 1146 794 populum
1258 768 1261 773 .

95 805 256 884 etperttt
298 797 364 866 Ex
380 803 476 893 24,3
492 795 682 882 sunplrcrter
694 796 814 886 legitur
827 801 912 889 λαῷ,
932 816 965 869 et
981 826 1013 869 v.
1031 811 1061 869 8
1080 826 1144 869 κα-

95 896 270 962 rausedone
284 895 346 963 τὸν
359 892 455 973 λαὸν,
476 910 587 965 noster
604 901 736 983 gravius
753 905 932 967 enuntiavit
952 905 1054 970 παντὶ
1068 927 1098 969 ι.
1040 903 1143 969 lh

95 997 197 1063 ιάιτα
212 995 274 1069 τὸν,
285 994 378 1063 λαόν
420 996 465 1062 At
480 998 622 1084 populus
636 1003 801 1064 sexcentis
822 1000 985 1070 hominum
997 1002 1142 1068 millibus

95 1097 264 1193 mustabat.
307 1096 437 1190 Scilicet
451 1100 656 1185 septuaginta
667 1101 814 1169 seniores
827 1101 952 1188 populi,
969 1106 1069 1169 totius
1081 1124 1141 1189 po·

95 1198 155 1282 puli
170 1218 344 1291 personam
359 1200 553 1269 sustinentes
567 1199 637 1268 Ex.
653 1206 705 1282 24,
724 1208 753 1268 1.
769 1208 801 1269 9.
821 1223 939 1289 magna
958 1201 1070 1288 populi
1088 1224 1142 1266 ca·

95 1311 179 1364 torva
194 1300 302 1387 cincti,
324 1297 601 1363 circumsistebant
619 1297 736 1365 Mosen
757 1313 930 1387 praecepta
950 1301 1036 1388 legis
1057 1304 1141 1366 reci-

95 1409 217 1482 tantem,
240 1420 322 1485 quae
335 1397 384 1465 illi
401 1420 472 1487 cum
486 1396 608 1483 populo
623 1402 892 1468 communicarant
907 1424 939 1472 v.
955 1401 1021 1467 Ex.
1037 1408 1089 1484 24,
1106 1407 1137 1465 3.

95 1515 123 1573 ιι
138 1521 254 1566 versus
270 1499 331 1564 ho's
355 1512 388 1563 et
406 1497 562 1586 populum
587 1500 776 1584 sanguinem
797 1497 911 1569 Moses
931 1503 1058 1588 sparsit.
1080 1500 1140 1564 ta·
1235 1530 1236 1533 ¹
1295 1554 1299 1563 .

95 1584 208 1680 dciv
171 1624 210 1667 το
226 1588 315 1686 αἷμα
331 1600 394 1667 τῶν
405 1597 538 1686 μόσχων
553 1599 612 1666 καὶ
629 1593 762 1684 τράγων
781 1624 812 1666 ιι.
829 1624 857 1667 τ
870 1603 1041 1690 λ.]ιιιιιιιι’1
1064 1620 1139 1666 aaa·

95 1708 208 1782 aunem
226 1708 428 1773 iuvencorum
441 1711 474 1765 et
487 1700 656 1783 hircorum,
678 1720 742 1766 ιιιιιι
763 1723 832 1767 caut
850 1725 946 1790 aqua,
969 1705 1046 1770 luno
1066 1722 1136 1766 coc·
1217 1690 1219 1695 ¹

95 1809 176 1870 anea
199 1811 233 1866 et
254 1803 398 1889 hyssopo.
439 1796 635 1887 Discrepaut
657 1821 713 1883 aa,
742 1821 825 1887 quae
846 1801 878 1866 h.
899 1799 922 1867 l.
945 1799 1096 1886 leguntur
1118 1820 1138 1863 a

95 1896 265 1968 narratione
280 1923 375 1989 quam
387 1901 451 1966 Ex.
463 1900 487 1972 l„
502 1900 524 1965 l.
548 1904 700 1967 continet.
743 1900 965 1967 Memorantur
979 1900 1031 1965 ibi
1040 1899 1135 1964 holo-

95 2017 196 2068 causta
224 2015 257 2067 et
280 2001 440 2067 sacrificia
466 2003 679 2069 eucharistica
708 2023 753 2067 ex
778 2003 942 2086 iuvencis,
969 2000 1137 2064 ‘hircorum
1192 2028 1203 2043 ··

95 2105 172 2170 nulla
187 2105 307 2169 mentio
318 2101 367 2173 fit,-
406 2101 510 2171 Porro
533 2103 587 2172 hic
603 2104 737 2191 sanguis
763 2124 846 2187 aqua
863 2104 985 2173 mixtus
1007 2102 1135 2182 dicitur,
1239 2143 1246 2152 .

95 2213 151 2273 ιιιιιι
170 2205 246 2270 laua
271 2206 422 2270 coccinea
441 2215 472 2266 et
491 2202 650 2289 hyssopus
671 2216 975 2284 commemorantur,
997 2203 1136 2287 denique

95 2303 165 2381 hber
178 2307 262 2392 legis
275 2307 432 2390 sanguine
447 2303 622 2388 adspersus
636 2302 738 2368 fuisso
753 2300 951 2392 perhibetur,
967 2299 1135 2388 dequibus

95 2407 232 2472 omnibus
251 2405 337 2491 apud
358 2404 475 2470 Mosen
496 2402 577 2468 nihil
604 2404 775 2487 reperitur.
819 2401 950 2467 Scilicet
978 2398 1135 2487 epistolae
1157 2487 1159 2491 .

95 2521 195 2572 ructor
211 2508 327 2592 partim
350 2504 556 2594 traditionem
580 2515 708 2570 secutus
732 2513 792 2586 ast,
815 2525 878 2594 quo
900 2504 1039 2590 pertinet
1059 2498 1137 2564 libri

95 2614 167 2696 egis
181 2608 356 2693 respersio,
374 2605 492 2689 partim
505 2625 586 2691 quae
598 2603 630 2666 h.
646 2600 669 2666 l.
686 2603 812 2684 adiecit,
836 2624 881 2668 ex
895 2602 969 2668 aliis
989 2601 1071 2668 locis
1090 2602 1137 2664 si-

95 2710 213 2775 nilibus
229 2709 338 2772 hausit
350 2726 382 2770 v.
396 2702 504 2768 Levit.
521 2712 570 2784 14,
584 2712 608 2770 4
623 2725 671 2790 sq.
692 2701 757 2768 Ex.
776 2711 826 2786 12,
841 2711 893 2771 21.
922 2701 1019 2770 Num.
1034 2708 1083 2781 19,
1103 2704 1133 2762 6.

95 2815 133 2877 18.
156 2810 274 2875 adiecit
288 2819 394 2873 autem
407 2805 489 2869 haec
503 2806 621 2884 omnia,
642 2815 678 2866 ut
700 2795 905 2869 solennitatis
916 2803 1006 2868 illius
1024 2800 1149 2886 splen-¹

95 2909 239 2976 lidiorem
252 2907 500 2992 descriptionem
515 2904 696 2971 exhiberet.
740 2904 880 2969 Omnino
893 2904 1058 2968 liberrime
1075 2922 1134 2964 no·

95 3025 148 3076 tter
163 3011 271 3076 locum
283 3009 348 3071 Ex.
362 3006 386 3073 l.
401 3008 559 3070 tractavit.
600 3005 735 3092 Legitur
751 3006 856 3070 autem
872 3004 919 3069 ibi
933 3026 964 3068 v.
978 3007 1008 3072 t.
1024 2999 1135 3067 oblata

95 3133 156 3178 esse
178 3110 382 3190 holocausta,
413 3118 445 3173 et
475 3105 636 3171 sacrificia
666 3104 877 3172 eucharistica
906 3126 950 3170 ex
978 3103 1133 3167 iuvencis.
1190 3143 1194 3154 ·

95 3211 309 3291 dolooaustis,
340 3230 423 3295 quae
448 3206 544 3272 etiam
564 3204 711 3270 lustralia
736 3227 762 3268 s.
784 3205 964 3292 piacularia
992 3213 1083 3269 eraut
1102 3224 1134 3277 v,

95 3313 219 3380 Wiacrt'
234 3313 448 3377 Realleaicon
469 3328 495 3370 s.
516 3328 548 3370 v.
565 3306 776 3392 Bruadopfer
794 3319 826 3371 et
846 3307 959 3373 Ichch'
968 3304 1135 3397 Archaeo-

95 3416 166 3500 'ogie
185 3414 239 3480 Th.
255 3419 286 3477 3.
307 3433 340 3494 p.
356 3413 429 3473 387.
450 3428 516 3471 non
537 3419 657 3470 tantum
679 3409 808 3472 iuvenci
821 3409 899 3494 (Ex.
913 3415 966 3488 29,
981 3411 1032 3471 36.
1051 3404 1134 3472 Lar.

95 3519 118 3596 l,
133 3523 162 3581 3.
176 3515 222 3600 4.)
246 3512 305 3577 sed
323 3521 356 3572 et
376 3507 459 3570 hirci
476 3502 623 3570 adhiberi
640 3507 788 3573 solebant
804 3530 835 3574 v.
852 3508 959 3573 Lavit.
972 3515 1004 3585 4,
1018 3513 1071 3572 23.
1090 3511 1133 3586 0,

95 3618 121 3678 i.
138 3614 232 3679 Num.
248 3618 278 3692 7,
292 3615 344 3687 16.
358 3614 410 3673 28.
432 3609 501 3673 Iam
514 3630 586 3672 cum
600 3609 665 3673 Ex.
679 3609 701 3672 l.
716 3609 738 3673 l.
752 3608 890 3695 legatur,
902 3610 938 3673 in
949 3607 1009 3672 illa
1025 3605 1135 3673 solen·

95 3717 181 3777 nitate
196 3710 355 3777 sacrificia
371 3708 584 3774 eucharistica
598 3732 643 3774 ex
656 3712 801 3774 iuvencis
816 3711 919 3774 fuisse
941 3707 1059 3793 oblata,
1072 3731 1134 3781 stre·
1179 3767 1182 3773 .

95 3817 339 3899 steinterpretes
361 3812 436 3873 inda
461 3807 670 3894 collegerunt,
693 3810 883 3876 holocausta
905 3810 1013 3875 oblata
1031 3810 1135 3875 fuisse
1160 3872 1164 3883 ,

98 3932 138 3974 ιιι
148 3914 251 3978 hircis.
279 3971 281 3977 s
295 3899 462 3985 Sacrificio
476 3910 689 3976 eucharistica
701 3915 797 3978 etiam
810 3914 845 3976 in
858 3910 1043 3976 foederibus
1055 3931 1135 3995 pau·

104 4015 198 4091 gardis
214 4016 331 4078 usitata
351 4024 452 4092 erant,
474 4023 599 4096 partem
615 4014 765 4076 victimae
786 4011 925 4093 oblatae,
951 4012 1006 4098 qui
1018 4011 1135 4074 foedus

106 4107 238 4196 lacerant,
253 4111 479 4194 comedebant3
500 4111 584 4174 hunc
599 4114 693 4198 ritum
708 4116 804 4176 etiam
818 4122 893 4175 tunc
906 4113 1069 4196 temporis>
1078 4108 1135 4174 ob·

111 4225 245 4282 serratum
263 4234 337 4282 asse
354 4214 447 4279 docet
459 4210 550 4278 locus
565 4212 629 4280 Ex.
642 4220 695 4296 24,
713 4220 764 4280 11.
784 4223 817 4277 at
830 4210 1054 4279 foederati—ad
1067 4209 1136 4277 ioe-
