2632 4740
95 368 99 376 .
201 334 223 378 x
382 295 786 390 PBOLEGOMENA.
818 310 905 377 Cnr.
927 309 954 376 1.
998 315 1028 391 5.
1051 321 1082 378 2.

199 484 406 567 Apostolorum
413 484 562 570 pnoditlil.
606 483 692 544 Putet
710 503 781 566 ergo
796 503 835 544 ex
846 485 892 546 his
909 485 1051 567 origenis
1061 489 1171 561 verbis,
1183 490 1262 547 anti-

201 608 260 666 quo
278 599 408 665 tempore
422 588 554 646 diversas
569 586 662 667 fuisse
678 587 718 659 in,
730 587 853 644 ecclesia
865 587 1066 647 Alexandrina
1086 589 1122 646 de
1141 600 1262 648 auctore

114 680 117 686 ¹
202 691 342 768 epistolae
368 690 549 759 sententias,
569 696 600 744 et
614 683 815 760 Pantaenune,
837 691 968 767 aliosque
988 688 1176 766 quiPaulum
1195 693 1263 748 lite-

200 811 300 851 rarum
314 802 467 871 auctorerp
477 787 639 846 babendum
652 805 717 844 esse
730 797 904 864 statuerent,
919 808 987 849 ‘non
999 790 1197 863 traditionem,
1212 793 1265 849 sed

202 911 286 968 suam
298 892 439 951 iudicium
453 909 518 948 esse
530 897 646 946 secutos
658 888 717 947 vid.
731 888 929 969 Eiclcborniue
940 911 967 968 p.
980 890 1052 950 457.
1068 889 1263 950 Bertboldtus

200 1013 228 1070 p.
245 994 336 1056 2915.
356 992 447 1053 2927.
472 992 509 1050 tle
527 986 627 1048 Wette
644 990 759 1064 11284.
781 989 919 1052 Bleelcius
937 1011 966 1068 p.
983 991 1103 1068 110sq.
1130 980 1265 1050 Ecclesia

201 1093 405 1167 occidentalis,
421 1111 513 1170 usque
527 1090 564 1148 ad
579 1088 757 1167 Hieronymi
777 1099 908 1168 tempora
922 1112 952 1150 v.
970 1089 1096 1151 Hieron.
1110 1090 1264 1150 Commen-

201 1205 257 1254 tar.
271 1197 304 1252 in
318 1193 422 1253 Matth.
437 1215 462 1253 c.
479 1193 529 1252 26.
545 1187 580 1247 Τ.
595 1189 624 1247 6.
638 1209 666 1266 p.
683 1191 732 1251 58.
749 1190 840 1251 Catal.
857 1193 970 1267 scriptt.
985 1193 1058 1251 eccl.
1073 1211 1097 1249 c.
1114 1193 1164 1252 59.
1186 1192 1264 1250 Pau·

138 1358 141 1365 ,
200 1298 260 1355 lurn
274 1295 378 1354 barum
390 1276 730 1365 literarumscriptorem
744 1311 809 1353 esse
821 1292 971 1350 dubitabat
984 1311 1011 1350 v.
1020 1289 1179 1352 Schmidtii
1190 1292 1265 1351 llin-

200 1397 261 1455 leit.
277 1375 330 1456 Tb
345 1398 372 1454 1.
386 1413 414 1472 p.
427 1395 498 1454 282.
513 1376 585 1451 285.
598 1387 736 1449 Βὶσελίκι
747 1411 775 1469 p.
789 1395 847 1452 111
865 1411 908 1469 sq.
931 1390 1265 1473 IrenaeusLugdunen-

201 1500 243 1555 sis
258 1498 400 1556 ecclesiae
413 1495 568 1570 epiecopus
582 1484 624 1570 (a.
641 1491 703 1552 177
716 1523 759 1538 -
769 1487 858 1573 202.)
873 1504 904 1551 et
920 1492 1103 1573 Hippolytae
1118 1496 1210 1568 ipsius
1219 1495 1261 1551 di-

202 1599 346 1675 scipulus,
370 1595 522 1672 epistolam
549 1591 641 1650 Paulo
667 1592 873 1653 abiudicarunt
903 1612 936 1652 ι.
953 1591 1077 1652 Plotius
1101 1593 1177 1652 Bibl.
1201 1596 1263 1652 cod,

202 1700 272 1758 232.
294 1697 339 1754 cd.
353 1694 521 1771 Bellenp.
539 1694 613 1768 291.
630 1691 692 1751 cod.
710 1695 779 1752 121.
799 1695 836 1754 cf.
858 1692 1016 1773 Zieglerue
1029 1695 1049 1750 l.
1064 1694 1083 1750 1.
1104 1713 1132 1770 p.
1146 1695 1187 1755 50
1203 1715 1265 1773 sqq.

202 1797 340 1858 Bleeleius
354 1817 382 1872 p.
400 1794 462 1853 116
475 1811 518 1870 sq.
551 1791 754 1865 Tertullianus
763 1790 814 1876 (a.
829 1798 891 1857 192
905 1826 948 1838 -
961 1787 1049 1873 211.)
1069 1792 1107 1852 dc
1124 1795 1267 1870 pudicitia

202 1919 226 1958 c.
243 1899 292 1958 20.
313 1895 476 1955 Barnabae
498 1895 650 1971 epistolam
664 1894 814 1954 adscribit.
859 1895 951 1954 Cuius
963 1889 1006 1975 (a.
1022 1889 1109 1974 210.)
1124 1897 1267 1954 ecclesiae

202 1997 349 2057 Romanae
362 1995 527 2074 presbyter,
542 1994 682 2053 tredecim
697 2002 813 2054 tantum
826 1996 911 2055 Pauli
928 1991 1067 2072 epistolas
1082 1997 1264 2069 numerabat,

202 2102 310 2159 omissa
325 2097 449 2175 epistola
462 2097 499 2154 ad
512 2095 675 2167 Hebraeos,
690 2115 779 2172 quam
792 2096 876 2155 Pauli
891 2115 956 2154 esse
970 2096 1098 2174 negabat
1110 2116 1138 2156 r.
1154 2096 1261 2155 Euseb.

201 2200 239 2259 H.
253 2198 287 2256 E.
300 2199 338 2270 6,
348 2198 398 2257 20.
421 2195 621 2278 Hieronymus
636 2205 691 2254 cat.
707 2199 824 2274 scriptt.¹
834 2199 904 2256 eccl.
920 2217 945 2254 c.
965 2197 1015 2258 59.

207 2377 209 2380 ⁴
283 2299 372 2356 lnitie
387 2300 479 2355 seculi
491 2297 544 2357 lv.
557 2298 697 2373 epistolae
712 2298 749 2356 nd
762 2296 913 2357 Hebraeos
937 2296 1092 2356 authentia
1111 2298 1147 2358 ab
1169 2299 1264 2354 'eccle-

200 2403 246 2460 sia
260 2399 400 2457 orientali
421 2400 524 2477 agnita
546 2408 604 2470 est,
625 2398 656 2454 id
677 2399 754 2474 quod
775 2398 872 2458 effecit
891 2401 1050 2467 auctoritas
1065 2396 1183 2454 scholae
1197 2398 1266 2454 Ale-

200 2501 375 2572 xandrinae,
397 2517 472 2574 quue
492 2501 643 2575 epistolae,
665 2519 733 2557 curn
755 2502 900 2558 orationis
918 2499 1015 2559 forum
1029 2497 1066 2575 ad
1080 2516 1175 2577 genus
1191 2500 1266 2554 scri-

200 2603 290 2663 bendi
302 2598 535 2658 Alexandrinum
548 2601 669 2677 propius
682 2602 845 2675 accederet,
870 2583 1076 2660 auctoritatem
1089 2598 1175 2657 Pauli
1197 2618 1265 2675 epo·
1295 2578 1299 2585 ’

199 2705 336 2763 stolicam
361 2700 522 2758 conciliare
551 2700 683 2759 studeret
711 2722 739 2760 v.
768 2701 953 2764 Schmidtius
980 2724 1008 2780 p.
1036 2703 1107 2762 280.
1137 2700 1198 2760 285
1222 2719 1265 2775 sq.

200 2803 394 2864 Bertltoldtus
407 2823 435 2879 p.
449 2802 542 2861 2918.
562 2832 607 2846 -—
626 2803 770 2862 Eusebius
791 2802 1026 2882 caesariensium
1038 2794 1206 2878 'episcopus
1225 2797 1240 2881 (
1260 2846 1265 2857 .

199 2900 286 2986 315.)
300 2902 338 2963 H.
353 2902 388 2960 E.
403 2904 433 2974 3,
447 2901 498 2960 25.
521 2903 572 2960 ubi
585 2922 728 2963 canonem
740 2906 883 2966 ecclesiae
897 2906 1050 2962 orientolis
1062 2905 1142 2962 illius
1154 2912 1266 2978 tompo-

191 2994 243 3066 'ris
261 3005 357 3079 affert,
376 3005 478 3060 literas
504 3002 542 3059 ad
560 3001 710 3062 Hebraeos
731 3008 824 3073 tacite
844 3007 877 3064 in
901 3024 1055 3064 numerum
1075 2990 1266 3080 epistolnrum

199 3107 285 3166 Pauli
297 3106 400 3189 ecfert,
422 3102 474 3159 sed
489 3105 520 3176 2,
537 3102 585 3161 17.
608 3103 639 3176 3,
655 3105 684 3164 3.
707 3124 774 3162 eum
795 3109 968 3168 nominatim
982 3090 1137 3172 literarum
1151 3105 1188 3161 ad
1204 3104 1266 3160 lle·

199 3209 304 3268 bracos
320 3207 495 3282 scriptorem
508 3204 642 3278 appellat
685 3201 887 3270 Truditionem
907 3216 1026 3265 secutus
1049 3215 1095 3262 cst
1109 3205 1266 3277 Eusebius,

201 3289 287 3368 cuius
311 3315 411 3364 tamen
433 3306 518 3382 origo
534 3323 604 3362 -non
625 3323 664 3362 ex
683 3315 781 3366 aetate
795 3309 952 3384 apostolica
971 3309 1067 3383 repeti
1086 3309 1194 3380 potest,
1215 3305 1268 3361 scd

200 3403 445 3491 quael'untueni
462 3414 588 3464 aetatem
608 3424 671 3478 non
690 3408 845 3483 superabat
862 3426 892 3465 v.
906 3405 1100 3465 Bertboldtus
1129 3424 1157 3480 p.
1174 3405 1266 3464 2917.

200 3506 241 3566 Et
257 3508 322 3583 ipse
334 3503 480 3565 Eusebius
494 3506 595 3581 tradit,
617 3507 709 3569 fuisse
729 3516 907 3580 senectute,
928 3506 1031 3583 quide
1050 3507 1191 3583 epistolae
1214 3524 1266 3562 nu-

200 3607 314 3668 thentia
328 3607 497 3675 dubitarent
511 3607 549 3666 H.
564 3603 602 3666 E.
616 3607 648 3681 3,
663 3607 692 3669 3.
713 3603 765 3665 τοῦ
780 3606 810 3669 dl
824 3601 943 3665 naiton
955 3605 1093 3684 sapidulas
1105 3605 1154 3663 καὶ
1166 3610 1265 3678 σαφεῖς

202 3709 233 3767 αἱ
255 3709 452 3785 δεκατέσσαρες
465 3703 644 3788 (ἐπιστολαί).
681 3699 741 3767 Ὅτι
752 3728 784 3783 ys
796 3707 845 3783 pie
863 3728 934 3773 τινες
952 3703 1106 3778 alduinum
1124 3701 1176 3777 τὴν
1194 3701 1266 3780 πρὸς

127 3872 134 3897 Ι
196 3805 354 3887 Ἐβραίους,
373 3802 447 3886 πρὸς
463 3805 513 3880 τῆς
529 3802 672 3899 ‘Pupulus
684 3809 836 3876 ἐκκλησίας,
857 3801 894 3874 ὡς
907 3805 946 3884 μὴ
963 3804 1082 3866 Παύλου
1100 3792 1188 3864 οὖσαν
1210 3799 1266 3862 utl-

201 3906 253 3983 κήκ
273 3902 467 3986 &sintpertus
486 3905 639 3982 φήσακτις,
663 3902 698 3967 or’u
719 3908 827 3969 dinume
854 3902 966 3984 dynasta
995 3909 1143 3968 sciendum
1166 3917 1265 3967 tamen

203 4023 261 4085 cst,
281 4013 436 4093 epistolum
451 4012 493 4075 od
510 4010 665 4087 Hebraeos
684 4029 704 4068 c
724 4007 870 4069 nonnullis
893 4011 958 4069 ideo
979 4027 1043 4068 esse
1063 4008 1266 4089 repudiatam,

202 4112 281 4194 pund
292 4113 437 4182 dicerent,
456 4130 520 4170 eum
535 4110 571 4168 al
586 4111 711 4169 ecclesie
726 4111 861 4171 Ιίσκκσκσ
868 4130 928 4190 pro
941 4108 1069 4183 Pauline
1083 4108 1265 4192 noultaberi.

238 4284 246 4297 Ι
275 4205 365 4297 ¹Cum
383 4210 584 4295 Hieronymus
601 4221 632 4283 et
652 4208 839 4289 Augustinus
870 4229 972 4269 eorum
995 4211 1162 4269 sententiae
1185 4209 1266 4266 iave-
