2632 4740
42 331 45 335 ’
115 289 170 406 172
393 311 555 410 Curur
585 323 640 397 ll.
674 346 713 399 v.
743 329 799 398 ll.
829 331 886 400 12.

121 502 271 558 terventu
290 500 489 577 procreatus.
531 486 558 549 F
561 487 685 552 ormula
708 486 745 553 ἐκ
766 484 856 564 τινὸς
877 474 965 553 εἶναι
982 483 1022 551 de
1043 499 1115 552 ortu
1139 506 1184 552 ex

52 672 54 682 Ι
120 605 256 680 parente
270 591 391 677 legitur
404 591 501 654 etiam
514 586 607 651 Rom.
625 597 657 669 9,
673 594 708 653 6.·
726 588 763 666 ἐξ
774 587 915 673 Ἰσραήλ.
937 586 1091 671 Palaeph.
1104 595 1135 669 2,
1153 596 1184 654 5.

121 690 185 758 οὖν
200 690 295 758 ’ἐστιν
309 685 344 768 ἐξ
355 685 461 778 αὐτοῦ
476 686 496 754 ὁ
510 687 654 764 παῖς-ἐκ
668 689 730 752 τοῦ
747 687 886 774 Ταύρου.
908 687 1081 752 Caeterum
1097 684 1184 752 πάν·

121 816 178 869 τες
188 804 302 857 ‘noster
314 788 453 876 (ΒόΙινιῖῖ
460 787 568 853 verbis
582 789 681 871 utor),
696 808 769 850 oum
781 785 968 873 ἀμφότεροι
979 798 1100 872 posset,
1115 810 1183 852 mu·

121 891 182 958 luit
202 885 327 971 didere,
348 909 412 975 quo
434 888 613 952 distinctius
634 890 829 976 gratiusque
850 909 966 973 magna
993 887 1184 957 christiano-

121 1013 193 1057 rum
215 1012 280 1054 una
300 1011 373 1054 eum
390 990 520 1084 Christo
540 989 764 1074 designaretur
783 991 990 1052 universitas.
1012 986 1056 1054 δι’
1072 983 1119 1068 ἣν
1130 983 1184 1053 αἰ-

14 1154 18 1172 ,
57 1147 62 1159 ,
123 1087 200 1157 τίαν
210 1087 271 1156 οὐκ
283 1089 518 1176 ἐπαισχύνεται
533 1085 842 1176 ἀδελφούς-αὐτοῦς
852 1088 981 1173 καλεῖν]
1003 1109 1105 1174 quere
1122 1112 1186 1156 αοιι

8 1266 10 1277 Ι
59 1262 62 1279 ff
121 1191 282 1258 erubeseat
290 1190 488 1269 eosfratrer
499 1181 677 1283 appellare,
691 1211 756 1254 uon
770 1187 834 1253 sibi
846 1189 998 1252 dedecori
1010 1189 1108 1270 ducit,
1119 1211 1185 1253 uon

123 1291 315 1381 dedignatur
330 1290 409 1366 τούς
422 1287 674 1377 ἁγιαζομένους,
696 1299 854 1378 quatenus
875 1299 949 1351 sunt
966 1289 1111 1354 eiusdem
1128 1311 1186 1354 ua·

23 1390 42 1412 ''
123 1402 227 1473 turae,
248 1394 427 1479 quamipse
441 1388 604 1472 assumsit,
627 1390 791 1476 appellu're
813 1390 943 1471 fratros,
965 1392 1111 1476 quamvis
1127 1390 1186 1454 ho·

61 1526 82 1542 »
123 1491 263 1557 minibus
282 1504 315 1557 et
332 1495 438 1578 geniis
452 1490 649 1558 coelestibus
668 1489 858 1576 longissime
879 1484 1061 1567 antecellat.
1105 1490 1186 1555 For-

54 1632 58 1641 ι
125 1591 247 1658 mulam
260 1589 321 1658 οὐκ
336 1591 612 1680 ἐπαισχύνεσθαι,
633 1590 883 1674 Chrysostomus
898 1592 1063 1653 annotavit
1084 1590 1126 1654 de
1146 1614 1186 1655 eo

125 1689 287 1774 adhiberi,
309 1678 365 1778 dui
384 1696 489 1758 maior
513 1714 584 1758 oum
606 1694 665 1772 sit,
687 1689 865 1757 minoribus
888 1701 1044 1753 tamense
1058 1692 1187 1756 sociare

125 1792 211 1855 haud
224 1791 425 1877 dedignetur,
443 1805 479 1856 ut
491 1792 577 1857 iufra
589 1798 642 1872 11,
661 1796 710 1855 16.
726 1791 767 1855 of.
782 1794 878 1855 etiam
893 1791 1039 1855 Glaesiae
1047 1788 1136 1853 Phil.
1153 1790 1200 1853 S!

125 1913 159 1977 p.
182 1896 243 1956 231
266 1913 317 1978 sq.
339 1887 483 1979 ἀδελφοὶ
505 1893 653 1958 dicuntur
674 1893 840 1958 christiani
861 1892 905 1975 (v.
925 1888 1040 1955 Matth.
1061 1896 1111 1972 12,
1136 1897 1187 1971 50.

126 1989 219 2056 Rom.
232 1998 264 2073 8,
278 1990 343 2075 29.)
356 2000 514 2081 quatenus
526 1992 674 2057 homines
690 2004 774 2055 suut.

211 2096 262 2156 12.
286 2089 444 2156 Messium
467 2084 616 2157 homines
638 2091 778 2156 cultores
809 2110 887 2155 suos
913 2111 1030 2154 vooare
1057 2091 1187 2175 fratres,

23 2210 25 2217 ⁴
47 2189 51 2202 '
130 2188 337 2277 confirmatur
353 2189 427 2256 loeo
444 2192 567 2259 Psalmi
588 2198 640 2273 22,
661 2199 713 2258 23.
736 2187 917 2273 οἷιιαγγιλιῖ
934 2213 963 2254 κ.
980 2216 1008 2256 τ.
1023 2193 1067 2277 i]
1085 2180 1205 2278 prue-¹

127 2290 237 2356 σι’σαῠο
249 2289 473 2374 benignitatem
490 2305 577 2360 ιναια
589 2291 850 2380 meissrutribur,
872 2298 905 2356 in
918 2295 1018 2358 medio
1032 2303 1125 2359 coetu
1136 2318 1189 2361 eo-

55 2406 58 2411 ’
96 2425 100 2432 ·
128 2411 199 2455 rum
217 2401 291 2456 toas
311 2381 424 2456 hodes
445 2414 568 2459 οαασνι.
609 2391 663 2456 De
682 2392 758 2457 lesu
777 2391 901 2457 Massia
917 2391 1078 2456 Psalmum
1096 2392 1189 2458 illum

128 2510 238 2572 agere,
258 2491 450 2575 interpretes
464 2492 551 2559 haud
566 2493 661 2576 pauci
683 2494 807 2580 opinati
830 2506 914 2557 suut.
958 2491 1026 2557 Alii
1046 2514 1127 2558 vero
1150 2495 1188 2559 de

129 2586 259 2651 Davide
275 2611 348 2654 eum
360 2589 587 2677 explicandum
605 2614 678 2658 esse
694 2593 941 2674 contenderunt,
964 2606 997 2656 et
1012 2593 1052 2656 ad
1065 2605 1190 2680 tempo-

131 2710 170 2751 ra
185 2686 357 2754 Absalomi
370 2690 566 2773 retulerunt,
586 2714 658 2758 oum
674 2691 768 2780 plura
786 2696 820 2756 iu
838 2697 978 2758 carmine
999 2693 1058 2758 illo
1077 2692 1190 2760 oecur-

40 2796 45 2803 ’
129 2800 212 2868 runt,
233 2812 317 2876 quae
328 2788 404 2856 lesu
418 2813 482 2855 uon
499 2795 690 2858 conveniant
705 2815 737 2855 v.
753 2795 987 2859 Rosenme‘tllerr'
998 2793 1131 2860 Scholia
1150 2799 1191 2862 ad

130 2887 185 2952 Ps.
203 2888 225 2981 l.
241 2889 265 2953 1.
280 2888 474 2956 Eetermam'
483 2889 583 2956 theol.
596 2890 759 2978 Beptritge
773 2893 821 2957 St.
837 2902 867 2958 2.
883 2917 915 2980 p.
930 2899 971 2958 76
987 2914 1057 2979 sqq·
1103 2895 1190 2961 Sori-

12 3026 14 3030 -
131 2999 205 3073 ptor
223 2992 323 3076 igitur
335 2990 576 3056 nosterPsalmi
590 2993 695 3058 looum
706 2996 740 3058 iu
753 3015 845 3057 suam
861 3015 1007 3058 caussam
1020 3001 1189 3062 convertit.

131 3088 170 3152 ln
180 3093 331 3155 versione
344 3089 565 3182 Alexandrina
577 3115 636 3176 pro
648 3091 827 3180 ἀπαγγελῶ
837 3092 958 3179 legitur
969 3091 1190 3181 διηγήσομαι,

13 3193 18 3201 ’
132 3211 216 3275 quae
238 3191 411 3254 diversitas
433 3192 508 3256 iude
530 3190 743 3277 explicanda,
771 3191 855 3280 quod
870 3204 979 3256 noster
1000 3192 1102 3258 verbe
1121 3195 1189 3260 me-

132 3290 269 3353 moriter
284 3292 450 3354 excitavit.
465 3289 612 3356 Verbum
621 3293 848 3379 ἀπαγγέλλειν
856 3290 1088 3357 iuvers.Alex.
1104 3293 1191 3359 haud

34 3410 37 3423 ¹
132 3408 208 3452 raro
226 3388 402 3455 adhibitum
421 3388 540 3475 legitur
554 3391 594 3455 de
608 3391 738 3458 laudum
751 3395 929 3457 divinarum
948 3392 1189 3477 praedieatione

133 3499 229 3572 atque
245 3489 419 3575 respondet
432 3488 524 3556 Hebr
537 3502 602 3562 tho
617 3505 651 3554 ut
664 3492 718 3557 Ps.
726 3498 778 3573 77,
785 3502 817 3557 4.
839 3491 1111 3576 αἰιαγγὲλλοντις
1126 3496 1190 3582 Ιτοῖς

99 3644 102 3652 .
132 3579 280 3666 αἰνέσας
295 3590 357 3657 τοῦ
369 3590 487 3674 κυρίου.
497 3612 528 3655 v.
543 3596 573 3655 6.
589 3593 647 3656 καὶ
659 3589 910 3677 ἅπαγγελοῦσαι
922 3592 1010 3658 αὐτοὶ
1025 3596 1094 3672 τοῖς
1106 3598 1191 3672 υἱοῖς

132 3682 250 3769 αὐτοῦ,
270 3688 414 3755 etverbo
429 3701 506 3775 'ripn
524 3691 579 3756 Ps.
595 3697 647 3772 70,
664 3700 713 3757 18.
738 3699 809 3773 144,
823 3702 854 3758 4.
890 3693 1011 3758 Eodem
1026 3695 1190 3780 significu-

133 3796 168 3848 tu
188 3778 361 3877 usurpatur
385 3788 519 3856 verbum
550 3792 747 3875 διηγεῖσθαι
766 3793 829 3877 ita,
858 3808 894 3858 ut
922 3817 962 3859 eo
988 3797 1192 3879 exprimatur

133 3885 237 3953 Hebr.
252 3898 317 3961 noo
330 3881 386 3955 Ps.
402 3896 454 3971 22,
469 3897 521 3956 23.
540 3899 615 3974 9,1.
639 3901 688 3976 18,
706 3902 736 3958 1.
758 3899 809 3975 25,
824 3900 854 3959 7.
878 3892 918 3960 τὸ
932 3892 1040 3981 ὄνομα
1050 3917 1113 3962 σον
1124 3900 1189 3961 vim

8 4075 23 4087 Ιχ
134 3986 232 4054 habet
246 3989 403 4076 simplicis
415 3993 615 4075 pronominis
632 4016 667 4061 σε
682 4007 718 4059 ut
730 3995 799 4062 Ioh.
815 3999 866 4076 17,
880 4001 910 4059 6.
930 3995 971 4059 ul.
987 3997 1035 4058 ita
1052 4009 1088 4059 ut
1108 3996 1191 4060 iudi·

136 4099 226 4152 cetur
241 4089 334 4155 Deus
347 4091 434 4175 ipse,
457 4104 614 4177 quatenus
631 4094 789 4160 beneficia
806 4096 933 4178 tribuit,
957 4095 1022 4158 Dei
1043 4095 1191 4182 benigni-

136 4199 197 4272 tar,
219 4189 259 4254 de
273 4212 336 4276 qua
348 4193 444 4259 etism
458 4192 511 4258 Ps.
526 4192 548 4256 l.
562 4194 585 4274 1..
597 4215 704 4262 sermo
719 4208 779 4263 est.
801 4195 838 4261 ln
852 4219 932 4262 vooe
947 4197 1017 4274 τοῖς
1031 4196 1192 4284 ἀδελφοῖς
