2604 4746
233 344 235 348 2
325 288 484 373 cneci
511 296 711 429 x1113v.
741 252 798 376 rc.
826 302 886 375 ιο.
980 309 1137 403 ,sor

70 487 163 528 suam
188 464 421 530 conscientiam
440 456 751 533 'commemorantem
776 467 928 550 inprimis
946 472 1137 554 respexisse

70 567 266 630 christianos
303 567 358 650 qui
386 567 468 629 ritus
494 565 647 642 Iudaicos
668 574 741 633 cun
768 564 932 652 religione
960 570 1138 636 christiana

68 665 311 752 coniungendas
326 677 487 752 putarent,
510 679 544 731 et
556 669 657 733 uimio
672 658 798 752 patriae
813 658 923 733 amore
936 678 1136 751 tenerentur,
1188 687 1190 693 '

68 790 140 831 cum
154 768 300 832 docuerit
313 767 421 854 legem
436 765 617 833 Mosaicam
632 766 834 856 abrogatam,
857 781 891 832 et
909 773 1040 855 *penitus
1055 775 1136 835 auti·

69 883 199 956 quatem
214 891 300 954 esse.
1183 866 1185 870 ’

154 975 206 1038 19.
229 967 316 1045 Quid
334 973 546 1056 praecipuos
559 968 634 1033 Deo
655 971 879 1057 expetendum
897 973 957 1052 sit,
980 971 1132 1036 declarat.

73 1071 293 1136 Vehementius
315 1066 422 1137 mettas
442 1092 498 1137 aas
514 1070 682 1152 adhortor,
704 1083 743 1137 at
764 1069 990 1151 boesaeiitis,
1009 1083 1045 1135 ut
1058 1093 1133 1157 pre·

68 1194 123 1236 ces
144 1193 204 1256 pro
220 1191 272 1234 me
295 1171 434 1252 faciatis,
458 1194 517 1258 qao
539 1178 633 1237 eitius
647 1173 735 1237 oobt's
749 1159 918 1239 restituam
941 1173 1134 1257 περισσοτέ-Ι

66 1297 133 1357 ρως
147 1268 513 1356 nonnullicouiungunt
532 1292 604 1335 cum
626 1273 737 1337 verbis
761 1273 861 1339 τοῦτο
887 1269 1033 1357 ποιήσαι,
1055 1294 1132 1338 ver-

65 1383 153 1436 tunt:
175 1390 235 1434 vos
261 1371 429 1451 exhortor,
452 1383 486 1432 ut
517 1392 556 1435 eo
586 1374 764 1438 studiosius
791 1374 928 1438 faciatis.
974 1373 1040 1437 Sed
1059 1376 1131 1460 ipse
1160 1405 1162 1408 ·

65 1471 241 1536 verborum
268 1472 348 1534 ordo
372 1471 489 1535 docere
511 1471 640 1535 videtur
666 1474 907 1560 περισσοτέρως
934 1476 1131 1559 iungendum

65 1596 140 1638 esse
164 1572 265 1636 verbo
288 1571 483 1659 παρακαλῶ,
505 1593 577 1636 cum
596 1594 662 1636 nou
678 1573 806 1660 legatur
819 1564 1003 1660 παρακαλῶ
1017 1578 1054 1642 δὲ
1070 1600 1129 1643 πε·

64 1696 149 1762 ρισσ.
165 1674 264 1739 τοῦτο
278 1671 426 1751 ποιήσαι.
470 1671 691 1759 Comparativi
709 1677 846 1741 formam
862 1671 976 1759 τάχιον
993 1677 1130 1741 serioris
1235 1758 1240 1773 ἱ

66 1777 182 1865 aetatis
207 1773 419 1859 scriptoribus
442 1777 594 1838 usitatam
615 1775 735 1856 fuisse,
758 1798 831 1843 cum
857 1774 1003 1840 melioris
1031 1791 1129 1841 notae

65 1879 261 1963 scriptores,
290 1875 320 1937 si
339 1877 487 1959 apauois
512 1875 675 1961 exemplis
693 1876 903 1966 discesseris,
921 1873 1131 1944 librariorum
1208 1925 1210 1930 -

63 1980 250 2064 ignorantia
273 1975 358 2038 forte
386 1979 558 2062 corruptis,
580 1979 632 2041 usi
657 1979 722 2041 sint
738 1995 820 2039 voce
841 1976 996 2063 θᾶσσον,
1021 1979 1130 2043 docuit

64 2079 242 2144 Labeatias
265 2076 308 2139 ad
326 2074 495 2160 Phrynich.
515 2100 547 2162 p.
568 2082 608 2142 76
621 2098 670 2162 sq.
693 2073 974 2141 ἀποκατασταθῶ
991 2075 1071 2164 ὑμῖν
1086 2081 1132 2146 ad

63 2175 120 2245 aas
137 2179 290 2256 reducar,
309 2177 399 2242 ralis
413 2182 537 2244 reddar
551 2178 617 2241 vid.
633 2174 764 2261 Prolcg.
780 2179 809 2253 ξ.
828 2183 857 2240 1.
880 2175 1026 2242 Verbum
1045 2175 1128 2244 α’πσι·

63 2276 276 2346 καθιστάναι
289 2279 322 2340 in
338 2300 424 2342 vers.
441 2278 541 2342 Alex.
557 2278 734 2363 respondet
747 2277 849 2342 Hebr.
867 2277 958 2346 :aaa
971 2282 1128 2347 reducere
1144 2265 1145 2268 Ἴ
1202 2325 1211 2358 ῃ

60 2374 252 2472 inpats‘iam
266 2378 416 2460 Hosti,
435 2384 484 2442 11.
508 2378 573 2444 Ier.
588 2386 640 2459 23,
654 2385 684 2444 7.
765 2371 785 2406 ·’
1065 2376 1068 2381 ’

62 2484 78 2516 ”
150 2486 203 2545 20.
226 2477 245 2544 ὁ
261 2482 297 2546 δὲ
318 2479 397 2555 Θεὸς
405 2482 466 2558 τῆς
480 2477 626 2564 εἰρήνης]
643 2478 736 2543 Deas
749 2489 856 2543 aatem
870 2483 986 2544 ralatio
999 2490 1126 2547 auctor.
1167 2557 1168 2562 η

59 2582 138 2646 Hoc
155 2583 254 2644 seusu
269 2583 367 2644 etiam
379 2580 502 2644 Paulus
517 2577 624 2641 Deum
651 2579 735 2641 dixit
758 2576 843 2667 Θεόν
865 2571 1000 2669 εἰρήνης
1018 2587 1038 2643 2
1052 2579 1127 2646 Cor.

62 2689 187 2764 13,11.
219 2680 375 2746 1'l'hess.
394 2687 424 2762 5,
442 2689 493 2748 23.
518 2692 551 2744 et
572 2678 766 2743 vocabulum
789 2673 906 2767 εἰρήνη
930 2694 966 2745 ut
987 2681 1128 2745 Hebrai·
1209 2692 1212 2696 ’

61 2802 268 2850 oumuomen
284 2773 368 2848 niba
384 2804 404 2844 a
420 2781 632 2866 scriptoribus
648 2783 750 2847 sacris
767 2780 954 2865 frequenter
968 2782 1015 2844 ita
1036 2781 1128 2845 adhi-

60 2887 137 2950 beri
149 2896 186 2947 ut
197 2882 400 2961 felicitatem
423 2878 575 2963 declaret,
597 2884 706 2946 tritum
722 2892 771 2946 est
788 2900 820 2943 v.
837 2878 919 2943 Gen.
931 2889 984 2960 44,
1000 2887 1050 2945 11.
1071 2881 1128 2946 ubi

58 2977 171 3075 nibil}
185 2984 217 3048 oi
233 2979 260 3047 o'
277 2982 485 3045 reddiderunt
504 2982 593 3068 μετὰ
609 2976 781 3068 σωτηρίας.
804 2981 895 3044 Βοιιι.
914 2987 943 3061 1,
961 2985 991 3045 7.
1013 2979 1128 3068 εἰρήνη
1177 3036 1179 3041 ,

62 3083 137 3149 eiad
161 3083 254 3148 Θεοῦ.
278 3082 384 3169 Supra
408 3088 438 3162 7,
459 3091 489 3149 2.
518 3084 678 3168 βασιλεύς
701 3077 844 3169 εἰρήνης.
884 3082 916 3145 Α
936 3078 1010 3144 Deo
1040 3094 1130 3167 optut

63 3189 207 3271 scriptor
218 3195 254 3246 ut
267 3182 407 3248 lectores
422 3184 583 3268 perfectos
598 3184 711 3247 reddat
733 3185 767 3246 in
789 3183 878 3245 omni
898 3180 1050 3245 virtutum
1070 3205 1127 3268 ge-

40 3308 145 3369 ·nere
160 3305 193 3347 v.
209 3291 260 3349 21.
283 3295 316 3348 et
331 3283 432 3347 aDeo
446 3284 508 3349 hoc
525 3286 709 3371 exspectari
725 3305 823 3369 posse
838 3305 878 3346 ea
895 3283 1022 3346 ratione
1038 3287 1129 3348 eviu-

63 3391 121 3467 cit,
145 3384 230 3470 quod
258 3381 384 3460 ὁθεὸς
413 3378 547 3471 εἰρήνης1
574 3386 738 3451 Christum
764 3384 799 3446 in
828 3385 928 3448 vitam
953 3389 1128 3452 revocarit.
1184 3405 1185 3409 ’
1279 3433 1283 3442 .

10 3566 13 3571 Ι
61 3487 273 3571 Suntigitur
300 3498 338 3550 ut
359 3489 515 3551 orationis
537 3498 709 3550 contextus
733 3485 837 3566 docet,
858 3483 961 3549 verbu
980 3485 1063 3564 (νεός
1085 3487 1131 3553 si-

25 3625 30 3637 ·
61 3586 170 3676 ρήνης
189 3585 298 3650 latiori
323 3587 507 3674 significatu
523 3587 688 3668 sumenda,
710 3588 767 3667 its,
788 3597 824 3649 ut
838 3585 1020 3663 felicitatis
1044 3586 1129 3657 cdri-

61 3696 374 3776 sts'aaae'aactareas
390 3689 571 3773 designent,
593 3711 613 3751 a
633 3708 696 3774 quo
713 3707 792 3772 ergo
816 3689 913 3752 etiam
936 3690 1133 3773 exspectan
1227 3681 1230 3688 ’

63 3793 143 3855 dum
157 3790 200 3851 sit
214 3784 252 3852 τό
268 3784 483 3872 καταρτίζειν
501 3789 536 3854 ἐν
548 3788 650 3853 παντὶ
667 3783 754 3878 ’ἔργῳ
771 3789 910 3877 ἀγαθῷ,
927 3808 1039 3875 neque‘
1047 3789 1131 3855 adeo

63 3912 141 3955 cnm
158 3887 290 3963 Bibesia
308 3888 446 3975 aliisque
468 3890 638 3954 vertenda:
663 3898 774 3976 pacis,
796 3893 988 3956 concordiae
1001 3901 1128 3958 auctor.

63 3986 289 4073 ddaayayoio
311 3989 348 4054 ἐκ
371 3991 507 4078 νεκρῶν]
530 3999 649 4078 quiea
673 3999 805 4057 mortuis
825 3979 972 4059 redaait.
994 3989 1133 4078 α’νσὶγειν

64 4102 184 4160 notat:
197 4111 332 4172 sarram,
349 4098 385 4155 ia
401 4096 472 4158 loca
486 4099 656 4179 superiora
672 4095 800 4173 ducere,
821 4093 899 4170 Act,
921 4099 952 4173 9,
970 4096 1023 4158 119.ι
1065 4089 1131 4157 Ρσ·
1243 4172 1245 4177 ι

63 4197 155 4258 nitur
167 4200 274 4258 autem
288 4191 350 4257 hoc
366 4191 501 4258 verbum
515 4194 554 4257 de
573 4194 615 4258 iis
630 4196 684 4280 qui
699 4216 718 4257 a
733 4204 837 4258 rnorte
860 4193 902 4257 ad
921 4194 1021 4259 vitam
1036 4211 1144 4258 rouo·-
1181 4196 1184 4201 ⁴

747 4285 751 4296 '
791 4292 881 4359 Lis
