<?xml version="1.0" encoding="UTF-8"?>
<!DOCTYPE html PUBLIC "-//W3C//DTD XHTML 1.0 Transitional//EN"
    "http://www.w3.org/TR/xhtml1/DTD/xhtml1-transitional.dtd">
<html xmlns="http://www.w3.org/1999/xhtml" xml:lang="en" lang="en">
 <head>
  <title>
</title>
<meta http-equiv="Content-Type" content="text/html;charset=utf-8" />
  <meta name='ocr-system' content='tesseract 3.04.00' />
  <meta name='ocr-capabilities' content='ocr_page ocr_carea ocr_par ocr_line ocrx_word'/>
</head>
<body>
  <div class='ocr_page' id='page_1' title='image "./dchristianitheo00kuehgoog_0403.png"; bbox 0 0 2604 4746; ppageno 0'>
   <div class='ocr_carea' id='block_1_1' title="bbox 372 301 1141 407">
    <p class='ocr_par' dir='ltr' id='par_1_1' title="bbox 372 301 1141 407">
     <span class='ocr_line' id='line_1_1' title="bbox 372 301 1141 407; baseline 0.01 -9"><span class='ocrx_word' id='word_1_1' title='bbox 372 320 534 398; x_wconf 79' lang='lat' dir='ltr'>Carur</span> <span class='ocrx_word' id='word_1_2' title='bbox 560 323 606 397; x_wconf 90' lang='lat' dir='ltr'>X.</span> <span class='ocrx_word' id='word_1_3' title='bbox 642 348 679 399; x_wconf 94' lang='lat' dir='ltr'>v.</span> <span class='ocrx_word' id='word_1_4' title='bbox 705 301 852 401; x_wconf 74' lang='grc'><strong>2329.</strong></span> <span class='ocrx_word' id='word_1_5' title='bbox 1069 336 1141 407; x_wconf 77' lang='grc'>373</span> 
     </span>
    </p>
   </div>
   <div class='ocr_carea' id='block_1_2' title="bbox 95 482 1229 1584">
    <p class='ocr_par' dir='ltr' id='par_1_2' title="bbox 95 482 1229 1584">
     <span class='ocr_line' id='line_1_2' title="bbox 102 482 1140 579; baseline 0.012 -33"><span class='ocrx_word' id='word_1_6' title='bbox 102 482 256 549; x_wconf 85' lang='lat' dir='ltr'>defectione</span> <span class='ocrx_word' id='word_1_7' title='bbox 279 495 303 548; x_wconf 75' lang='lat' dir='ltr'>&#39;a</span> <span class='ocrx_word' id='word_1_8' title='bbox 328 485 486 572; x_wconf 82' lang='lat' dir='ltr'>religione</span> <span class='ocrx_word' id='word_1_9' title='bbox 508 486 656 567; x_wconf 88' lang='lat' dir='ltr'>Iudaica,</span> <span class='ocrx_word' id='word_1_10' title='bbox 681 508 745 553; x_wconf 92' lang='lat' dir='ltr'>non</span> <span class='ocrx_word' id='word_1_11' title='bbox 771 490 810 554; x_wconf 92' lang='lat' dir='ltr'>de</span> <span class='ocrx_word' id='word_1_12' title='bbox 832 490 1034 575; x_wconf 73' lang='lat' dir='ltr'>singrltrum</span> <span class='ocrx_word' id='word_1_13' title='bbox 1056 492 1140 579; x_wconf 86' lang='lat' dir='ltr'>legis</span> 
     </span>
     <span class='ocr_line' id='line_1_3' title="bbox 96 579 1136 677; baseline 0.011 -29"><span class='ocrx_word' id='word_1_14' title='bbox 96 597 321 670; x_wconf 81' lang='lat' dir='ltr'>praeceptorum</span> <span class='ocrx_word' id='word_1_15' title='bbox 341 579 535 668; x_wconf 80' lang='lat' dir='ltr'>violatione,</span> <span class='ocrx_word' id='word_1_16' title='bbox 558 589 616 653; x_wconf 85' lang='lat' dir='ltr'>sed</span> <span class='ocrx_word' id='word_1_17' title='bbox 637 589 676 652; x_wconf 90' lang='lat' dir='ltr'>de</span> <span class='ocrx_word' id='word_1_18' title='bbox 696 589 827 655; x_wconf 84' lang='lat' dir='ltr'>Iudaeis</span> <span class='ocrx_word' id='word_1_19' title='bbox 852 595 905 677; x_wconf 94' lang='lat' dir='ltr'>qui</span> <span class='ocrx_word' id='word_1_20' title='bbox 930 615 1047 658; x_wconf 87' lang='lat' dir='ltr'>avere</span> <span class='ocrx_word' id='word_1_21' title='bbox 1069 593 1136 659; x_wconf 87' lang='lat' dir='ltr'>Dei</span> 
     </span>
     <span class='ocr_line' id='line_1_4' title="bbox 95 686 1188 778; baseline 0.007 -28"><span class='ocrx_word' id='word_1_22' title='bbox 95 687 164 750; x_wconf 82' lang='lat' dir='ltr'>cultu</span> <span class='ocrx_word' id='word_1_23' title='bbox 181 686 421 768; x_wconf 75' lang='lat' dir='ltr'>desciscebant,</span> <span class='ocrx_word' id='word_1_24' title='bbox 436 700 467 750; x_wconf 90' lang='lat' dir='ltr'>et</span> <span class='ocrx_word' id='word_1_25' title='bbox 485 688 526 751; x_wconf 94' lang='lat' dir='ltr'>ad</span> <span class='ocrx_word' id='word_1_26' title='bbox 545 689 704 753; x_wconf 84' lang='lat' dir='ltr'>idolorum</span> <span class='ocrx_word' id='word_1_27' title='bbox 729 689 847 754; x_wconf 85' lang='lat' dir='ltr'>cultum</span> <span class='ocrx_word' id='word_1_28' title='bbox 859 691 1134 778; x_wconf 70' lang='lat' dir='ltr'><strong>prolabebantur.</strong></span> <span class='ocrx_word' id='word_1_29' title='bbox 1183 763 1188 774; x_wconf 64' lang='grc'><strong>,</strong></span> 
     </span>
     <span class='ocr_line' id='line_1_5' title="bbox 95 786 1133 878; baseline 0.009 -28"><span class='ocrx_word' id='word_1_30' title='bbox 95 786 144 864; x_wconf 77' lang='lat' dir='ltr'>Qui</span> <span class='ocrx_word' id='word_1_31' title='bbox 166 800 270 851; x_wconf 89' lang='lat' dir='ltr'>autem</span> <span class='ocrx_word' id='word_1_32' title='bbox 293 787 484 873; x_wconf 82' lang='lat' dir='ltr'>religionem</span> <span class='ocrx_word' id='word_1_33' title='bbox 508 788 672 863; x_wconf 74' lang='lat' dir='ltr'>Iudaicam</span> <span class='ocrx_word' id='word_1_34' title='bbox 689 790 883 878; x_wconf 70' lang='lat' dir='ltr'>deserebant</span> <span class='ocrx_word' id='word_1_35' title='bbox 904 792 1012 856; x_wconf 84' lang='lat' dir='ltr'>Levit.</span> <span class='ocrx_word' id='word_1_36' title='bbox 1030 800 1082 874; x_wconf 87' lang='grc'>26,</span> <span class='ocrx_word' id='word_1_37' title='bbox 1102 802 1133 860; x_wconf 94' lang='grc'>2.</span> 
     </span>
     <span class='ocr_line' id='line_1_6' title="bbox 95 889 1132 972; baseline 0.008 -21"><span class='ocrx_word' id='word_1_38' title='bbox 95 902 177 968; x_wconf 74' lang='lat' dir='ltr'>caree,</span> <span class='ocrx_word' id='word_1_39' title='bbox 192 890 405 952; x_wconf 85' lang='lat' dir='ltr'>somniatores</span> <span class='ocrx_word' id='word_1_40' title='bbox 421 889 474 972; x_wconf 89' lang='lat' dir='ltr'>qui</span> <span class='ocrx_word' id='word_1_41' title='bbox 493 889 705 954; x_wconf 87' lang='lat' dir='ltr'>deiectionem</span> <span class='ocrx_word' id='word_1_42' title='bbox 722 913 741 954; x_wconf 89' lang='lat' dir='ltr'>a</span> <span class='ocrx_word' id='word_1_43' title='bbox 758 890 830 956; x_wconf 90' lang='lat' dir='ltr'>Deo</span> <span class='ocrx_word' id='word_1_44' title='bbox 843 893 1022 957; x_wconf 83' lang='lat' dir='ltr'>suadebant</span> <span class='ocrx_word' id='word_1_45' title='bbox 1033 892 1132 959; x_wconf 89' lang='lat' dir='ltr'>Deut.</span> 
     </span>
     <span class='ocr_line' id='line_1_7' title="bbox 95 985 1139 1079; baseline 0.004 -26"><span class='ocrx_word' id='word_1_46' title='bbox 95 997 129 1068; x_wconf 82' lang='grc'><strong>13,</strong></span> <span class='ocrx_word' id='word_1_47' title='bbox 143 995 172 1053; x_wconf 92' lang='grc'>6.</span> <span class='ocrx_word' id='word_1_48' title='bbox 195 994 247 1068; x_wconf 85' lang='grc'>18,</span> <span class='ocrx_word' id='word_1_49' title='bbox 262 993 313 1052; x_wconf 85' lang='grc'>20.</span> <span class='ocrx_word' id='word_1_50' title='bbox 336 985 494 1071; x_wconf 90' lang='lat' dir='ltr'>supplicio</span> <span class='ocrx_word' id='word_1_51' title='bbox 511 987 671 1053; x_wconf 88' lang='lat' dir='ltr'>afficiendi</span> <span class='ocrx_word' id='word_1_52' title='bbox 689 1006 791 1056; x_wconf 88' lang='lat' dir='ltr'>erant.</span> <span class='ocrx_word' id='word_1_53' title='bbox 834 994 947 1079; x_wconf 88' lang='lat' dir='ltr'>ltaque</span> <span class='ocrx_word' id='word_1_54' title='bbox 962 990 981 1057; x_wconf 84' lang='grc' dir='ltr'>ὁ</span> <span class='ocrx_word' id='word_1_55' title='bbox 998 990 1139 1071; x_wconf 54' lang='lat' dir='ltr'>uidenti:</span> 
     </span>
     <span class='ocr_line' id='line_1_8' title="bbox 95 1086 1132 1178; baseline 0.002 -23"><span class='ocrx_word' id='word_1_56' title='bbox 95 1112 136 1165; x_wconf 84' lang='grc' dir='ltr'>ιας</span> <span class='ocrx_word' id='word_1_57' title='bbox 147 1086 251 1172; x_wconf 87' lang='grc' dir='ltr'><em>νόμον</em></span> <span class='ocrx_word' id='word_1_58' title='bbox 267 1087 428 1167; x_wconf 83' lang='grc' dir='ltr'><em>Μωσέως,</em></span> <span class='ocrx_word' id='word_1_59' title='bbox 450 1092 638 1171; x_wconf 87' lang='lat' dir='ltr'>nonestis,</span> <span class='ocrx_word' id='word_1_60' title='bbox 661 1094 716 1178; x_wconf 88' lang='lat' dir='ltr'>qui</span> <span class='ocrx_word' id='word_1_61' title='bbox 731 1090 839 1178; x_wconf 89' lang='lat' dir='ltr'>legem</span> <span class='ocrx_word' id='word_1_62' title='bbox 861 1091 1042 1157; x_wconf 87' lang='lat' dir='ltr'>Mosaioam</span> <span class='ocrx_word' id='word_1_63' title='bbox 1061 1094 1132 1157; x_wconf 85' lang='lat' dir='ltr'>vio·</span> 
     </span>
     <span class='ocr_line' id='line_1_9' title="bbox 96 1182 1132 1274; baseline 0.005 -21"><span class='ocrx_word' id='word_1_64' title='bbox 96 1202 130 1272; x_wconf 85' lang='lat' dir='ltr'>at,</span> <span class='ocrx_word' id='word_1_65' title='bbox 150 1191 207 1254; x_wconf 87' lang='lat' dir='ltr'>sed</span> <span class='ocrx_word' id='word_1_66' title='bbox 227 1190 281 1274; x_wconf 90' lang='lat' dir='ltr'>qui</span> <span class='ocrx_word' id='word_1_67' title='bbox 295 1185 337 1250; x_wconf 84' lang='lat' dir='ltr'>ab</span> <span class='ocrx_word' id='word_1_68' title='bbox 352 1182 525 1270; x_wconf 86' lang='lat' dir='ltr'>ea&#39;deficit,</span> <span class='ocrx_word' id='word_1_69' title='bbox 548 1202 580 1254; x_wconf 91' lang='lat' dir='ltr'>et</span> <span class='ocrx_word' id='word_1_70' title='bbox 600 1191 690 1256; x_wconf 85' lang='lat' dir='ltr'>idola</span> <span class='ocrx_word' id='word_1_71' title='bbox 714 1193 803 1273; x_wconf 88' lang='lat' dir='ltr'>colit,</span> <span class='ocrx_word' id='word_1_72' title='bbox 826 1205 861 1255; x_wconf 92' lang='lat' dir='ltr'>ut</span> <span class='ocrx_word' id='word_1_73' title='bbox 883 1193 966 1258; x_wconf 87' lang='lat' dir='ltr'>adeo</span> <span class='ocrx_word' id='word_1_74' title='bbox 988 1190 1132 1258; x_wconf 75' lang='grc' dir='ltr'>α’θετεῖν</span> 
     </span>
     <span class='ocr_line' id='line_1_10' title="bbox 95 1279 1222 1380; baseline 0.003 -25"><span class='ocrx_word' id='word_1_75' title='bbox 95 1295 119 1356; x_wconf 75' lang='lat' dir='ltr'>tit</span> <span class='ocrx_word' id='word_1_76' title='bbox 130 1292 173 1355; x_wconf 88' lang='lat' dir='ltr'>id.</span> <span class='ocrx_word' id='word_1_77' title='bbox 188 1292 241 1376; x_wconf 91' lang='lat' dir='ltr'>qd.</span> <span class='ocrx_word' id='word_1_78' title='bbox 264 1285 472 1374; x_wconf 75' lang='grc' dir='ltr'><em>ἁμαρτάνειν</em></span> <span class='ocrx_word' id='word_1_79' title='bbox 486 1310 517 1354; x_wconf 81' lang='grc' dir='ltr'>ν.</span> <span class='ocrx_word' id='word_1_80' title='bbox 532 1295 584 1354; x_wconf 97' lang='grc'>26.</span> <span class='ocrx_word' id='word_1_81' title='bbox 614 1290 718 1357; x_wconf 88' lang='lat' dir='ltr'>Etiam</span> <span class='ocrx_word' id='word_1_82' title='bbox 735 1279 833 1359; x_wconf 85' lang='lat' dir='ltr'>Deut.</span> <span class='ocrx_word' id='word_1_83' title='bbox 848 1298 898 1374; x_wconf 77' lang='lat'>17,</span> <span class='ocrx_word' id='word_1_84' title='bbox 913 1299 944 1357; x_wconf 89' lang='grc'>6.</span> <span class='ocrx_word' id='word_1_85' title='bbox 966 1317 984 1358; x_wconf 92' lang='lat' dir='ltr'>e</span> <span class='ocrx_word' id='word_1_86' title='bbox 999 1316 1064 1380; x_wconf 92' lang='lat' dir='ltr'>quo</span> <span class='ocrx_word' id='word_1_87' title='bbox 1079 1293 1130 1358; x_wconf 91' lang='lat' dir='ltr'>lo·</span> <span class='ocrx_word' id='word_1_88' title='bbox 1219 1324 1222 1331; x_wconf 62' lang='lat'><strong><em>¹</em></strong></span> 
     </span>
     <span class='ocr_line' id='line_1_11' title="bbox 95 1388 1127 1475; baseline 0.001 -19"><span class='ocrx_word' id='word_1_89' title='bbox 95 1415 114 1456; x_wconf 80' lang='grc' dir='ltr'>ιο</span> <span class='ocrx_word' id='word_1_90' title='bbox 124 1391 235 1456; x_wconf 74' lang='lat' dir='ltr'>ultima</span> <span class='ocrx_word' id='word_1_91' title='bbox 248 1390 343 1453; x_wconf 87' lang='lat' dir='ltr'>huius</span> <span class='ocrx_word' id='word_1_92' title='bbox 360 1388 509 1453; x_wconf 70' lang='lat' dir='ltr'>mverba</span> <span class='ocrx_word' id='word_1_93' title='bbox 526 1392 672 1456; x_wconf 87' lang='lat' dir='ltr'>desumta</span> <span class='ocrx_word' id='word_1_94' title='bbox 687 1408 772 1475; x_wconf 85' lang='lat' dir='ltr'>sunt,</span> <span class='ocrx_word' id='word_1_95' title='bbox 797 1415 904 1458; x_wconf 87' lang='lat' dir='ltr'>sermo</span> <span class='ocrx_word' id='word_1_96' title='bbox 920 1406 970 1458; x_wconf 89' lang='lat' dir='ltr'>est</span> <span class='ocrx_word' id='word_1_97' title='bbox 993 1395 1033 1458; x_wconf 88' lang='lat' dir='ltr'>de</span> <span class='ocrx_word' id='word_1_98' title='bbox 1054 1394 1127 1457; x_wconf 93' lang='lat' dir='ltr'>ido·</span> 
     </span>
     <span class='ocr_line' id='line_1_12' title="bbox 95 1487 1229 1584; baseline 0.002 -28"><span class='ocrx_word' id='word_1_99' title='bbox 95 1515 173 1556; x_wconf 85' lang='lat' dir='ltr'>omrn</span> <span class='ocrx_word' id='word_1_100' title='bbox 188 1488 285 1567; x_wconf 88' lang='lat' dir='ltr'>cultu,</span> <span class='ocrx_word' id='word_1_101' title='bbox 308 1505 339 1562; x_wconf 3' lang='lat' dir='ltr'>eet</span> <span class='ocrx_word' id='word_1_102' title='bbox 362 1487 424 1552; x_wconf 89' lang='lat' dir='ltr'>hoc</span> <span class='ocrx_word' id='word_1_103' title='bbox 448 1492 569 1554; x_wconf 82' lang='lat' dir='ltr'>crimen</span> <span class='ocrx_word' id='word_1_104' title='bbox 593 1492 1031 1584; x_wconf 63' lang='lat' dir='ltr'>formulamooeidric‘rnn</span> <span class='ocrx_word' id='word_1_105' title='bbox 1052 1497 1129 1560; x_wconf 83' lang='grc' dir='ltr'>δια-</span> <span class='ocrx_word' id='word_1_106' title='bbox 1224 1544 1229 1554; x_wconf 88' lang='grc'><strong>.</strong></span> 
     </span>
    </p>
   </div>
   <div class='ocr_carea' id='block_1_3' title="bbox 95 1589 1257 1682">
    <p class='ocr_par' dir='ltr' id='par_1_3' title="bbox 95 1589 1257 1682">
     <span class='ocr_line' id='line_1_13' title="bbox 95 1589 1257 1682; baseline 0 -24"><span class='ocrx_word' id='word_1_107' title='bbox 95 1593 185 1674; x_wconf 67' lang='grc' dir='ltr'>ήήκην</span> <span class='ocrx_word' id='word_1_108' title='bbox 202 1604 241 1655; x_wconf 64' lang='grc' dir='ltr'>τ.</span> <span class='ocrx_word' id='word_1_109' title='bbox 255 1598 286 1654; x_wconf 90' lang='grc'>2.</span> <span class='ocrx_word' id='word_1_110' title='bbox 310 1589 508 1674; x_wconf 87' lang='lat' dir='ltr'>designatur.</span> <span class='ocrx_word' id='word_1_111' title='bbox 531 1593 632 1679; x_wconf 83' lang='grc' dir='ltr'><em>χωρὶς</em></span> <span class='ocrx_word' id='word_1_112' title='bbox 658 1589 838 1682; x_wconf 80' lang='grc' dir='ltr'>οἰκτιρμῶν</span> <span class='ocrx_word' id='word_1_113' title='bbox 857 1593 947 1659; x_wconf 85' lang='lat' dir='ltr'>nullo</span> <span class='ocrx_word' id='word_1_114' title='bbox 966 1615 1128 1680; x_wconf 83' lang='lat' dir='ltr'>personae</span> <span class='ocrx_word' id='word_1_115' title='bbox 1207 1620 1208 1624; x_wconf 45' lang='lat'>¹</span> <span class='ocrx_word' id='word_1_116' title='bbox 1248 1631 1257 1647; x_wconf 84' lang='lat'><strong>.</strong></span> 
     </span>
    </p>
   </div>
   <div class='ocr_carea' id='block_1_4' title="bbox 95 1689 1230 4295">
    <p class='ocr_par' dir='ltr' id='par_1_4' title="bbox 95 1689 1133 2079">
     <span class='ocr_line' id='line_1_14' title="bbox 95 1689 1133 1781; baseline -0.002 -21"><span class='ocrx_word' id='word_1_117' title='bbox 95 1705 216 1781; x_wconf 85' lang='lat' dir='ltr'>espectu</span> <span class='ocrx_word' id='word_1_118' title='bbox 236 1689 365 1770; x_wconf 87' lang='lat' dir='ltr'>habito,</span> <span class='ocrx_word' id='word_1_119' title='bbox 399 1693 469 1753; x_wconf 86' lang='lat' dir='ltr'>sine</span> <span class='ocrx_word' id='word_1_120' title='bbox 496 1693 696 1776; x_wconf 88' lang='lat' dir='ltr'>mitigatione</span> <span class='ocrx_word' id='word_1_121' title='bbox 722 1717 848 1780; x_wconf 88' lang='lat' dir='ltr'>poenae</span> <span class='ocrx_word' id='word_1_122' title='bbox 876 1707 933 1759; x_wconf 86' lang='lat' dir='ltr'>aut</span> <span class='ocrx_word' id='word_1_123' title='bbox 958 1694 1133 1759; x_wconf 86' lang='lat' dir='ltr'>dilatione.¹</span> 
     </span>
     <span class='ocr_line' id='line_1_15' title="bbox 95 1787 1126 1878; baseline -0.004 -17"><span class='ocrx_word' id='word_1_124' title='bbox 95 1798 124 1861; x_wconf 85' lang='grc' dir='ltr'>πὶ</span> <span class='ocrx_word' id='word_1_125' title='bbox 139 1792 232 1862; x_wconf 84' lang='grc' dir='ltr'>δυσὶν</span> <span class='ocrx_word' id='word_1_126' title='bbox 245 1787 269 1868; x_wconf 79' lang='grc' dir='ltr'><em>ἢ</em></span> <span class='ocrx_word' id='word_1_127' title='bbox 282 1792 371 1878; x_wconf 84' lang='grc' dir='ltr'>τρισὶ</span> <span class='ocrx_word' id='word_1_128' title='bbox 384 1788 552 1875; x_wconf 78' lang='grc' dir='ltr'>μάρτυσιν</span> <span class='ocrx_word' id='word_1_129' title='bbox 567 1789 784 1868; x_wconf 73' lang='grc' dir='ltr'><em>ἀποθνήσκει</em></span> <span class='ocrx_word' id='word_1_130' title='bbox 805 1797 937 1860; x_wconf 79' lang='lat' dir='ltr'>deornm</span> <span class='ocrx_word' id='word_1_131' title='bbox 957 1797 1011 1860; x_wconf 81' lang='lat' dir='ltr'>vel</span> <span class='ocrx_word' id='word_1_132' title='bbox 1027 1800 1126 1860; x_wconf 72' lang='lat' dir='ltr'>enum</span> 
     </span>
     <span class='ocr_line' id='line_1_16' title="bbox 95 1888 1126 1962; baseline -0.001 -2"><span class='ocrx_word' id='word_1_133' title='bbox 95 1904 193 1962; x_wconf 76' lang='lat' dir='ltr'>retium</span> <span class='ocrx_word' id='word_1_134' title='bbox 205 1901 354 1960; x_wconf 72' lang='lat' dir='ltr'>oratione</span> <span class='ocrx_word' id='word_1_135' title='bbox 371 1899 543 1958; x_wconf 75' lang='lat' dir='ltr'>conuictos.</span> <span class='ocrx_word' id='word_1_136' title='bbox 567 1893 623 1957; x_wconf 76' lang='grc' dir='ltr'>ἐπὶ</span> <span class='ocrx_word' id='word_1_137' title='bbox 644 1888 859 1957; x_wconf 87' lang='lat' dir='ltr'>conditionem</span> <span class='ocrx_word' id='word_1_138' title='bbox 878 1893 998 1961; x_wconf 86' lang='lat' dir='ltr'>indicat</span> <span class='ocrx_word' id='word_1_139' title='bbox 1012 1916 1044 1958; x_wconf 86' lang='lat' dir='ltr'>v.</span> <span class='ocrx_word' id='word_1_140' title='bbox 1058 1905 1126 1959; x_wconf 86' lang='lat' dir='ltr'>not.</span> 
     </span>
     <span class='ocr_line' id='line_1_17' title="bbox 95 1997 218 2079; baseline -0.016 -19"><span class='ocrx_word' id='word_1_141' title='bbox 95 1997 150 2079; x_wconf 79' lang='grc' dir='ltr'>ιι,</span> <span class='ocrx_word' id='word_1_142' title='bbox 168 2002 218 2060; x_wconf 82' lang='grc' dir='ltr'>ιι.</span> 
     </span>
    </p>

    <p class='ocr_par' dir='ltr' id='par_1_5' title="bbox 95 2091 1230 4295">
     <span class='ocr_line' id='line_1_18' title="bbox 148 2091 1125 2177; baseline -0.003 -17"><span class='ocrx_word' id='word_1_143' title='bbox 148 2103 199 2162; x_wconf 87' lang='grc'>29.</span> <span class='ocrx_word' id='word_1_144' title='bbox 222 2091 356 2159; x_wconf 79' lang='grc' dir='ltr'>δοκεῖτε</span> <span class='ocrx_word' id='word_1_145' title='bbox 381 2093 519 2155; x_wconf 88' lang='lat' dir='ltr'>orationi</span> <span class='ocrx_word' id='word_1_146' title='bbox 549 2094 722 2173; x_wconf 87' lang='lat' dir='ltr'>insertum,</span> <span class='ocrx_word' id='word_1_147' title='bbox 754 2091 849 2157; x_wconf 82' lang='lat' dir='ltr'>dictis</span> <span class='ocrx_word' id='word_1_148' title='bbox 878 2111 945 2155; x_wconf 88' lang='lat' dir='ltr'>non</span> <span class='ocrx_word' id='word_1_149' title='bbox 969 2094 1125 2177; x_wconf 84' lang='lat' dir='ltr'>exiguum</span> 
     </span>
     <span class='ocr_line' id='line_1_19' title="bbox 95 2191 1124 2281; baseline -0.005 -21"><span class='ocrx_word' id='word_1_150' title='bbox 95 2197 152 2261; x_wconf 91' lang='lat' dir='ltr'>ddit</span> <span class='ocrx_word' id='word_1_151' title='bbox 167 2193 314 2281; x_wconf 68' lang='lat' dir='ltr'>pondu23</span> <span class='ocrx_word' id='word_1_152' title='bbox 336 2193 456 2257; x_wconf 77' lang='lat' dir='ltr'>iudicer</span> <span class='ocrx_word' id='word_1_153' title='bbox 472 2199 546 2257; x_wconf 68' lang='lat' dir='ltr'>sitis</span> <span class='ocrx_word' id='word_1_154' title='bbox 562 2200 754 2280; x_wconf 74' lang='lat' dir='ltr'>vosmetipsi,</span> <span class='ocrx_word' id='word_1_155' title='bbox 776 2213 831 2256; x_wconf 87' lang='lat' dir='ltr'>res</span> <span class='ocrx_word' id='word_1_156' title='bbox 848 2191 929 2255; x_wconf 91' lang='lat' dir='ltr'>adeo</span> <span class='ocrx_word' id='word_1_157' title='bbox 952 2192 1124 2256; x_wconf 85' lang='lat' dir='ltr'>manifesta</span> 
     </span>
     <span class='ocr_line' id='line_1_20' title="bbox 95 2278 1230 2378; baseline -0.009 -17"><span class='ocrx_word' id='word_1_158' title='bbox 95 2310 118 2360; x_wconf 83' lang='lat' dir='ltr'>st</span> <span class='ocrx_word' id='word_1_159' title='bbox 130 2309 161 2361; x_wconf 89' lang='lat' dir='ltr'>et</span> <span class='ocrx_word' id='word_1_160' title='bbox 177 2293 322 2374; x_wconf 80' lang='lat' dir='ltr'>evidens,</span> <span class='ocrx_word' id='word_1_161' title='bbox 344 2305 378 2355; x_wconf 91' lang='lat' dir='ltr'>ut</span> <span class='ocrx_word' id='word_1_162' title='bbox 390 2290 436 2355; x_wconf 89' lang='lat' dir='ltr'>ad</span> <span class='ocrx_word' id='word_1_163' title='bbox 451 2278 594 2355; x_wconf 68' lang='lat' dir='ltr'>restrum</span> <span class='ocrx_word' id='word_1_164' title='bbox 613 2293 766 2357; x_wconf 89' lang='lat' dir='ltr'>iudicium</span> <span class='ocrx_word' id='word_1_165' title='bbox 781 2290 963 2378; x_wconf 83' lang='lat' dir='ltr'>provocare</span> <span class='ocrx_word' id='word_1_166' title='bbox 982 2294 1118 2375; x_wconf 84' lang='lat' dir='ltr'>possim.</span> <span class='ocrx_word' id='word_1_167' title='bbox 1226 2335 1230 2351; x_wconf 86' lang='lat'><strong>.</strong></span> 
     </span>
     <span class='ocr_line' id='line_1_21' title="bbox 95 2385 1123 2482; baseline -0.006 -21"><span class='ocrx_word' id='word_1_168' title='bbox 95 2389 342 2482; x_wconf 54' lang='lat' dir='ltr'>fheophylactus:</span> <span class='ocrx_word' id='word_1_169' title='bbox 364 2392 427 2472; x_wconf 87' lang='grc' dir='ltr'>τήν</span> <span class='ocrx_word' id='word_1_170' title='bbox 443 2388 552 2476; x_wconf 78' lang='grc' dir='ltr'>κρίσιν</span> <span class='ocrx_word' id='word_1_171' title='bbox 567 2390 684 2468; x_wconf 78' lang='grc' dir='ltr'>αὐτοῖς</span> <span class='ocrx_word' id='word_1_172' title='bbox 696 2393 882 2479; x_wconf 78' lang='grc' dir='ltr'>ἐπιτρέπει·</span> <span class='ocrx_word' id='word_1_173' title='bbox 903 2388 985 2478; x_wconf 81' lang='grc' dir='ltr'>ὅπερ</span> <span class='ocrx_word' id='word_1_174' title='bbox 995 2385 1123 2456; x_wconf 70' lang='grc' dir='ltr'>εἰώθα-</span> 
     </span>
     <span class='ocr_line' id='line_1_22' title="bbox 95 2491 1124 2580; baseline -0.009 -16"><span class='ocrx_word' id='word_1_175' title='bbox 95 2522 127 2564; x_wconf 83' lang='grc' dir='ltr'>εν</span> <span class='ocrx_word' id='word_1_176' title='bbox 138 2497 246 2562; x_wconf 81' lang='grc' dir='ltr'>ποιεῖν</span> <span class='ocrx_word' id='word_1_177' title='bbox 257 2494 315 2561; x_wconf 73' lang='grc' dir='ltr'>ἐπὶ</span> <span class='ocrx_word' id='word_1_178' title='bbox 331 2491 541 2580; x_wconf 85' lang='grc' dir='ltr'>τῶνσφὸδρα</span> <span class='ocrx_word' id='word_1_179' title='bbox 553 2491 840 2578; x_wconf 78' lang='grc' dir='ltr'><em>ὁμολογουμένων,</em></span> <span class='ocrx_word' id='word_1_180' title='bbox 860 2491 938 2568; x_wconf 65' lang='lat' dir='ltr'>eddo</span> <span class='ocrx_word' id='word_1_181' title='bbox 950 2491 1124 2577; x_wconf 78' lang='grc' dir='ltr'>οἷκροατοὶς</span> 
     </span>
     <span class='ocr_line' id='line_1_23' title="bbox 95 2595 1123 2680; baseline -0.005 -18"><span class='ocrx_word' id='word_1_182' title='bbox 95 2596 229 2672; x_wconf 81' lang='grc' dir='ltr'>ικαστοὶς</span> <span class='ocrx_word' id='word_1_183' title='bbox 245 2595 415 2670; x_wconf 82' lang='grc' dir='ltr'>ποιοῦντες</span> <span class='ocrx_word' id='word_1_184' title='bbox 424 2600 505 2678; x_wconf 63' lang='lat' dir='ltr'>tione</span> <span class='ocrx_word' id='word_1_185' title='bbox 522 2596 671 2659; x_wconf 77' lang='lat' dir='ltr'>indicium</span> <span class='ocrx_word' id='word_1_186' title='bbox 678 2601 856 2679; x_wconf 72' lang='lat' dir='ltr'>permittit,</span> <span class='ocrx_word' id='word_1_187' title='bbox 878 2596 963 2680; x_wconf 86' lang='lat' dir='ltr'>quod</span> <span class='ocrx_word' id='word_1_188' title='bbox 980 2600 1015 2658; x_wconf 85' lang='lat' dir='ltr'>c‘n</span> <span class='ocrx_word' id='word_1_189' title='bbox 1027 2596 1123 2660; x_wconf 80' lang='lat' dir='ltr'>valde</span> 
     </span>
     <span class='ocr_line' id='line_1_24' title="bbox 95 2694 1121 2785; baseline -0.009 -20"><span class='ocrx_word' id='word_1_190' title='bbox 95 2706 187 2785; x_wconf 78' lang='lat' dir='ltr'>pertis</span> <span class='ocrx_word' id='word_1_191' title='bbox 205 2697 330 2774; x_wconf 85' lang='lat' dir='ltr'>fucere</span> <span class='ocrx_word' id='word_1_192' title='bbox 352 2700 503 2774; x_wconf 76' lang='lat' dir='ltr'>solemur,</span> <span class='ocrx_word' id='word_1_193' title='bbox 532 2716 600 2758; x_wconf 85' lang='lat' dir='ltr'>cnm</span> <span class='ocrx_word' id='word_1_194' title='bbox 621 2697 786 2760; x_wconf 72' lang='lat' dir='ltr'>auditores</span> <span class='ocrx_word' id='word_1_195' title='bbox 806 2697 927 2761; x_wconf 75' lang='lat' dir='ltr'>iccdicee</span> <span class='ocrx_word' id='word_1_196' title='bbox 940 2694 1121 2784; x_wconf 57' lang='lat' dir='ltr'>faciamus.</span> 
     </span>
     <span class='ocr_line' id='line_1_25' title="bbox 96 2794 1123 2886; baseline -0.004 -24"><span class='ocrx_word' id='word_1_197' title='bbox 96 2801 120 2863; x_wconf 88' lang='lat' dir='ltr'>ic</span> <span class='ocrx_word' id='word_1_198' title='bbox 134 2819 261 2886; x_wconf 89' lang='lat' dir='ltr'>quoque</span> <span class='ocrx_word' id='word_1_199' title='bbox 276 2795 397 2860; x_wconf 85' lang='lat' dir='ltr'>Paulus</span> <span class='ocrx_word' id='word_1_200' title='bbox 410 2797 502 2880; x_wconf 87' lang='lat' dir='ltr'>ipsos</span> <span class='ocrx_word' id='word_1_201' title='bbox 516 2794 658 2858; x_wconf 87' lang='lat' dir='ltr'>lectores</span> <span class='ocrx_word' id='word_1_202' title='bbox 678 2815 755 2860; x_wconf 86' lang='lat' dir='ltr'>suos</span> <span class='ocrx_word' id='word_1_203' title='bbox 768 2796 894 2860; x_wconf 84' lang='lat' dir='ltr'>iudices</span> <span class='ocrx_word' id='word_1_204' title='bbox 907 2796 986 2859; x_wconf 89' lang='lat' dir='ltr'>facit</span> <span class='ocrx_word' id='word_1_205' title='bbox 1008 2803 1024 2858; x_wconf 90' lang='lat'>1</span> <span class='ocrx_word' id='word_1_206' title='bbox 1041 2794 1123 2859; x_wconf 86' lang='lat' dir='ltr'>Cer.-</span> 
     </span>
     <span class='ocr_line' id='line_1_26' title="bbox 95 2891 1121 2986; baseline -0.008 -20"><span class='ocrx_word' id='word_1_207' title='bbox 95 2906 117 2981; x_wconf 77' lang='grc'><strong>3,</strong></span> <span class='ocrx_word' id='word_1_208' title='bbox 130 2905 180 2966; x_wconf 87' lang='grc'>15.</span> <span class='ocrx_word' id='word_1_209' title='bbox 202 2895 297 2986; x_wconf 77' lang='grc' dir='ltr'>πόσῳ</span> <span class='ocrx_word' id='word_1_210' title='bbox 308 2892 455 2982; x_wconf 82' lang='grc' dir='ltr'><em>χείρονος</em></span> <span class='ocrx_word' id='word_1_211' title='bbox 471 2891 705 2976; x_wconf 70' lang='grc' dir='ltr'>ἀξιωθήσεται</span> <span class='ocrx_word' id='word_1_212' title='bbox 721 2893 879 2984; x_wconf 81' lang='grc' dir='ltr'>τιμωρίας</span> <span class='ocrx_word' id='word_1_213' title='bbox 893 2907 1011 2984; x_wconf 82' lang='lat' dir='ltr'>quanto</span> <span class='ocrx_word' id='word_1_214' title='bbox 1026 2915 1121 2960; x_wconf 82' lang='lat' dir='ltr'>ocer-</span> 
     </span>
     <span class='ocr_line' id='line_1_27' title="bbox 95 2991 1122 3091; baseline -0.008 -26"><span class='ocrx_word' id='word_1_215' title='bbox 95 3007 146 3066; x_wconf 82' lang='lat' dir='ltr'>ion‘</span> <span class='ocrx_word' id='word_1_216' title='bbox 160 3021 271 3088; x_wconf 84' lang='lat' dir='ltr'>poena</span> <span class='ocrx_word' id='word_1_217' title='bbox 296 2995 422 3091; x_wconf 66' lang='lat' dir='ltr'>dignum</span> <span class='ocrx_word' id='word_1_218' title='bbox 445 2995 604 3078; x_wconf 75' lang='lat' dir='ltr'>hobitum,</span> <span class='ocrx_word' id='word_1_219' title='bbox 626 2996 777 3061; x_wconf 87' lang='lat' dir='ltr'>affectum</span> <span class='ocrx_word' id='word_1_220' title='bbox 799 3004 854 3062; x_wconf 72' lang='lat' dir='ltr'>iri.</span> <span class='ocrx_word' id='word_1_221' title='bbox 884 2991 1122 3072; x_wconf 74' lang='grc' dir='ltr'>ἀξιωθήσεται</span> 
     </span>
     <span class='ocr_line' id='line_1_28' title="bbox 95 3087 1224 3183; baseline -0.003 -22"><span class='ocrx_word' id='word_1_222' title='bbox 95 3099 108 3162; x_wconf 78' lang='lat' dir='ltr'>i.</span> <span class='ocrx_word' id='word_1_223' title='bbox 122 3111 186 3174; x_wconf 87' lang='lat' dir='ltr'>not.</span> <span class='ocrx_word' id='word_1_224' title='bbox 199 3098 241 3161; x_wconf 87' lang='lat' dir='ltr'>ad</span> <span class='ocrx_word' id='word_1_225' title='bbox 255 3103 287 3179; x_wconf 85' lang='lat'>3,</span> <span class='ocrx_word' id='word_1_226' title='bbox 303 3090 374 3164; x_wconf 63' lang='grc' dir='ltr'>3.’“’ὁ</span> <span class='ocrx_word' id='word_1_227' title='bbox 391 3096 450 3162; x_wconf 84' lang='grc' dir='ltr'>τὸν</span> <span class='ocrx_word' id='word_1_228' title='bbox 461 3094 535 3161; x_wconf 85' lang='grc' dir='ltr'>οἱόν</span> <span class='ocrx_word' id='word_1_229' title='bbox 552 3087 614 3162; x_wconf 85' lang='grc' dir='ltr'>τοῦ</span> <span class='ocrx_word' id='word_1_230' title='bbox 630 3096 714 3162; x_wconf 79' lang='grc' dir='ltr'>Θεοῦ</span> <span class='ocrx_word' id='word_1_231' title='bbox 729 3093 988 3183; x_wconf 78' lang='grc' dir='ltr'>καταπατήσας]</span> <span class='ocrx_word' id='word_1_232' title='bbox 1008 3091 1120 3181; x_wconf 62' lang='lat' dir='ltr'>quista</span> <span class='ocrx_word' id='word_1_233' title='bbox 1220 3168 1224 3177; x_wconf 63' lang='lat'><strong>.</strong></span> 
     </span>
     <span class='ocr_line' id='line_1_29' title="bbox 95 3194 1121 3289; baseline -0.005 -25"><span class='ocrx_word' id='word_1_234' title='bbox 95 3206 136 3264; x_wconf 83' lang='grc' dir='ltr'>’τοι</span> <span class='ocrx_word' id='word_1_235' title='bbox 151 3199 223 3264; x_wconf 76' lang='lat' dir='ltr'>Dec·</span> <span class='ocrx_word' id='word_1_236' title='bbox 242 3201 336 3284; x_wconf 87' lang='lat' dir='ltr'>quasi</span> <span class='ocrx_word' id='word_1_237' title='bbox 357 3197 490 3285; x_wconf 78' lang='lat' dir='ltr'>pedidus</span> <span class='ocrx_word' id='word_1_238' title='bbox 512 3201 756 3264; x_wconf 79' lang='lat' dir='ltr'>conculcaverit.</span> <span class='ocrx_word' id='word_1_239' title='bbox 799 3195 992 3289; x_wconf 68' lang='lat' dir='ltr'>Exprimere</span> <span class='ocrx_word' id='word_1_240' title='bbox 1016 3194 1121 3259; x_wconf 85' lang='lat' dir='ltr'>voluit</span> 
     </span>
     <span class='ocr_line' id='line_1_30' title="bbox 95 3296 1118 3388; baseline -0.006 -24"><span class='ocrx_word' id='word_1_241' title='bbox 95 3305 198 3388; x_wconf 65' lang='lat' dir='ltr'>triptor</span> <span class='ocrx_word' id='word_1_242' title='bbox 219 3300 411 3363; x_wconf 85' lang='lat' dir='ltr'>sententiam</span> <span class='ocrx_word' id='word_1_243' title='bbox 423 3299 523 3367; x_wconf 79' lang='lat' dir='ltr'>hano:</span> <span class='ocrx_word' id='word_1_244' title='bbox 544 3301 600 3384; x_wconf 89' lang='lat' dir='ltr'>qai</span> <span class='ocrx_word' id='word_1_245' title='bbox 615 3296 738 3362; x_wconf 85' lang='lat' dir='ltr'>Christi</span> <span class='ocrx_word' id='word_1_246' title='bbox 755 3296 933 3361; x_wconf 72' lang='lat' dir='ltr'>doctrinam</span> <span class='ocrx_word' id='word_1_247' title='bbox 953 3298 1118 3370; x_wconf 88' lang='lat' dir='ltr'>reiecerit;</span> 
     </span>
     <span class='ocr_line' id='line_1_31' title="bbox 95 3396 1118 3486; baseline -0.002 -23"><span class='ocrx_word' id='word_1_248' title='bbox 95 3401 121 3463; x_wconf 80' lang='lat' dir='ltr'>ed</span> <span class='ocrx_word' id='word_1_249' title='bbox 134 3400 292 3466; x_wconf 89' lang='lat' dir='ltr'>eiusmodi</span> <span class='ocrx_word' id='word_1_250' title='bbox 299 3399 408 3463; x_wconf 86' lang='lat' dir='ltr'>verbis</span> <span class='ocrx_word' id='word_1_251' title='bbox 420 3419 499 3462; x_wconf 90' lang='lat' dir='ltr'>usus</span> <span class='ocrx_word' id='word_1_252' title='bbox 508 3410 569 3480; x_wconf 87' lang='lat' dir='ltr'>est,</span> <span class='ocrx_word' id='word_1_253' title='bbox 578 3420 659 3486; x_wconf 92' lang='lat' dir='ltr'>quae</span> <span class='ocrx_word' id='word_1_254' title='bbox 670 3397 816 3461; x_wconf 83' lang='lat' dir='ltr'>facerent</span> <span class='ocrx_word' id='word_1_255' title='bbox 827 3396 868 3461; x_wconf 88' lang='lat' dir='ltr'>ad</span> <span class='ocrx_word' id='word_1_256' title='bbox 876 3399 1021 3462; x_wconf 87' lang='lat' dir='ltr'>oriminis</span> <span class='ocrx_word' id='word_1_257' title='bbox 1031 3408 1118 3461; x_wconf 89' lang='lat' dir='ltr'>atro-</span> 
     </span>
     <span class='ocr_line' id='line_1_32' title="bbox 95 3497 1118 3586; baseline -0.003 -23"><span class='ocrx_word' id='word_1_258' title='bbox 95 3504 190 3566; x_wconf 83' lang='lat' dir='ltr'>itat&#39;em</span> <span class='ocrx_word' id='word_1_259' title='bbox 206 3500 467 3586; x_wconf 82' lang='lat' dir='ltr'>exaggerandam</span> <span class='ocrx_word' id='word_1_260' title='bbox 485 3512 581 3585; x_wconf 91' lang='lat' dir='ltr'>atque</span> <span class='ocrx_word' id='word_1_261' title='bbox 595 3497 752 3561; x_wconf 86' lang='lat' dir='ltr'>lectorum</span> <span class='ocrx_word' id='word_1_262' title='bbox 766 3500 891 3563; x_wconf 74' lang='lat' dir='ltr'>animoa</span> <span class='ocrx_word' id='word_1_263' title='bbox 908 3499 1024 3562; x_wconf 84' lang='lat' dir='ltr'>fortius</span> <span class='ocrx_word' id='word_1_264' title='bbox 1044 3518 1118 3583; x_wconf 88' lang='lat' dir='ltr'>per·</span> 
     </span>
     <span class='ocr_line' id='line_1_33' title="bbox 95 3596 1118 3684; baseline -0.004 -19"><span class='ocrx_word' id='word_1_265' title='bbox 95 3600 238 3666; x_wconf 81' lang='lat' dir='ltr'>edendos.</span> <span class='ocrx_word' id='word_1_266' title='bbox 261 3600 334 3667; x_wconf 85' lang='grc' dir='ltr'>οἱόν</span> <span class='ocrx_word' id='word_1_267' title='bbox 350 3602 409 3666; x_wconf 81' lang='grc' dir='ltr'>τοῦ</span> <span class='ocrx_word' id='word_1_268' title='bbox 423 3599 507 3666; x_wconf 78' lang='grc' dir='ltr'>Θεοῦ</span> <span class='ocrx_word' id='word_1_269' title='bbox 521 3597 587 3662; x_wconf 90' lang='lat' dir='ltr'>Dei</span> <span class='ocrx_word' id='word_1_270' title='bbox 599 3596 713 3678; x_wconf 88' lang='lat' dir='ltr'>filium,</span> <span class='ocrx_word' id='word_1_271' title='bbox 725 3598 894 3683; x_wconf 87' lang='lat' dir='ltr'>Messiam,</span> <span class='ocrx_word' id='word_1_272' title='bbox 910 3599 1005 3666; x_wconf 89' lang='lat' dir='ltr'>Mose</span> <span class='ocrx_word' id='word_1_273' title='bbox 1019 3597 1118 3684; x_wconf 85' lang='lat' dir='ltr'>longe</span> 
     </span>
     <span class='ocr_line' id='line_1_34' title="bbox 95 3699 1120 3787; baseline -0.004 -22"><span class='ocrx_word' id='word_1_274' title='bbox 95 3706 329 3768; x_wconf 85' lang='lat' dir='ltr'>raestantiorem</span> <span class='ocrx_word' id='word_1_275' title='bbox 348 3722 380 3766; x_wconf 90' lang='lat' dir='ltr'>v.</span> <span class='ocrx_word' id='word_1_276' title='bbox 402 3707 433 3782; x_wconf 87' lang='grc'>3,</span> <span class='ocrx_word' id='word_1_277' title='bbox 454 3706 485 3765; x_wconf 87' lang='grc'>3.</span> <span class='ocrx_word' id='word_1_278' title='bbox 508 3705 539 3765; x_wconf 82' lang='lat'>5.</span> <span class='ocrx_word' id='word_1_279' title='bbox 568 3701 776 3766; x_wconf 82' lang='grc' dir='ltr'>καταπατεῖν</span> <span class='ocrx_word' id='word_1_280' title='bbox 798 3705 932 3787; x_wconf 86' lang='lat' dir='ltr'>proprie</span> <span class='ocrx_word' id='word_1_281' title='bbox 957 3699 1120 3785; x_wconf 85' lang='lat' dir='ltr'>significat</span> 
     </span>
     <span class='ocr_line' id='line_1_35' title="bbox 95 3791 1119 3886; baseline -0.001 -22"><span class='ocrx_word' id='word_1_282' title='bbox 95 3803 192 3870; x_wconf 77' lang='lat' dir='ltr'>edibus</span> <span class='ocrx_word' id='word_1_283' title='bbox 209 3807 408 3884; x_wconf 85' lang='lat' dir='ltr'>conculcare,</span> <span class='ocrx_word' id='word_1_284' title='bbox 430 3803 505 3866; x_wconf 89' lang='lat' dir='ltr'>hino</span> <span class='ocrx_word' id='word_1_285' title='bbox 513 3801 712 3886; x_wconf 77' lang='lat' dir='ltr'>profanare,</span> <span class='ocrx_word' id='word_1_286' title='bbox 733 3806 956 3869; x_wconf 80' lang='lat' dir='ltr'>contumeliose</span> <span class='ocrx_word' id='word_1_287' title='bbox 968 3791 1119 3866; x_wconf 78' lang='lat' dir='ltr'>tractare</span> 
     </span>
     <span class='ocr_line' id='line_1_36' title="bbox 95 3897 1118 3987; baseline -0.002 -23"><span class='ocrx_word' id='word_1_288' title='bbox 95 3897 200 3967; x_wconf 74' lang='lat' dir='ltr'>taraco.</span> <span class='ocrx_word' id='word_1_289' title='bbox 217 3910 248 3984; x_wconf 88' lang='grc'>3,</span> <span class='ocrx_word' id='word_1_290' title='bbox 263 3908 315 3970; x_wconf 78' lang='grc'>46.</span> <span class='ocrx_word' id='word_1_291' title='bbox 337 3913 369 3986; x_wconf 90' lang='grc'>4,</span> <span class='ocrx_word' id='word_1_292' title='bbox 386 3910 438 3968; x_wconf 88' lang='grc'>66.</span> <span class='ocrx_word' id='word_1_293' title='bbox 459 3903 563 3987; x_wconf 83' lang='lat' dir='ltr'>Aper.</span> <span class='ocrx_word' id='word_1_294' title='bbox 579 3909 628 3984; x_wconf 91' lang='lat'>11,</span> <span class='ocrx_word' id='word_1_295' title='bbox 646 3909 676 3966; x_wconf 83' lang='lat'>2.</span> <span class='ocrx_word' id='word_1_296' title='bbox 703 3902 842 3966; x_wconf 90' lang='lat' dir='ltr'>Herodi.</span> <span class='ocrx_word' id='word_1_297' title='bbox 856 3909 887 3984; x_wconf 88' lang='lat'>8,</span> <span class='ocrx_word' id='word_1_298' title='bbox 901 3908 993 3969; x_wconf 68' lang='grc'><strong>624.</strong></span> <span class='ocrx_word' id='word_1_299' title='bbox 1024 3898 1118 3976; x_wconf 78' lang='lat' dir='ltr'>Quae</span> 
     </span>
     <span class='ocr_line' id='line_1_37' title="bbox 95 4001 1190 4091; baseline 0.003 -32"><span class='ocrx_word' id='word_1_300' title='bbox 95 4001 287 4086; x_wconf 71' lang='lat' dir='ltr'>profanantur,</span> <span class='ocrx_word' id='word_1_301' title='bbox 323 4003 554 4068; x_wconf 86' lang='lat' dir='ltr'>contumeliose</span> <span class='ocrx_word' id='word_1_302' title='bbox 580 4014 772 4091; x_wconf 82' lang='lat' dir='ltr'>tractantur,</span> <span class='ocrx_word' id='word_1_303' title='bbox 803 4026 843 4068; x_wconf 84' lang='lat' dir='ltr'>ea</span> <span class='ocrx_word' id='word_1_304' title='bbox 864 4013 1119 4081; x_wconf 87' lang='lat' dir='ltr'>contemnuntur,</span> <span class='ocrx_word' id='word_1_305' title='bbox 1185 4040 1190 4063; x_wconf 85' lang='lat'><strong>.</strong></span> 
     </span>
     <span class='ocr_line' id='line_1_38' title="bbox 95 4092 1118 4191; baseline 0.009 -34"><span class='ocrx_word' id='word_1_306' title='bbox 95 4092 147 4162; x_wconf 86' lang='lat' dir='ltr'>hino</span> <span class='ocrx_word' id='word_1_307' title='bbox 168 4105 376 4170; x_wconf 80' lang='grc' dir='ltr'>καταπατεῖν</span> <span class='ocrx_word' id='word_1_308' title='bbox 400 4119 491 4169; x_wconf 84' lang='lat' dir='ltr'>notat</span> <span class='ocrx_word' id='word_1_309' title='bbox 518 4113 734 4187; x_wconf 81' lang='lat' dir='ltr'>contemnere,</span> <span class='ocrx_word' id='word_1_310' title='bbox 759 4107 952 4191; x_wconf 77' lang='lat' dir='ltr'>repudiare,</span> <span class='ocrx_word' id='word_1_311' title='bbox 982 4101 1118 4166; x_wconf 79' lang='lat' dir='ltr'>Suidast</span> 
     </span>
     <span class='ocr_line' id='line_1_39' title="bbox 98 4198 1123 4295; baseline 0.008 -41"><span class='ocrx_word' id='word_1_312' title='bbox 98 4198 236 4284; x_wconf 78' lang='grc' dir='ltr'>ποιήσας,</span> <span class='ocrx_word' id='word_1_313' title='bbox 269 4204 539 4292; x_wconf 82' lang='grc' dir='ltr'>καταφρονήσας.</span> <span class='ocrx_word' id='word_1_314' title='bbox 582 4205 631 4269; x_wconf 89' lang='lat' dir='ltr'>ld.</span> <span class='ocrx_word' id='word_1_315' title='bbox 650 4202 873 4292; x_wconf 73' lang='grc' dir='ltr'>πατούμενοι,</span> <span class='ocrx_word' id='word_1_316' title='bbox 900 4199 1123 4295; x_wconf 73' lang='grc' dir='ltr'>ὑβριζόμενοι.</span> 
     </span>
    </p>
   </div>
   <div class='ocr_carea' id='block_1_5' title="bbox 0 0 1306 4746">
    <p class='ocr_par' dir='ltr' id='par_1_6' title="bbox 0 0 1306 4746">
     <span class='ocr_line' id='line_1_40' title="bbox 0 0 1306 4746; baseline 0 0"><span class='ocrx_word' id='word_1_317' title='bbox 0 0 1306 4746; x_wconf 95' lang='lat' dir='ltr'> </span> 
     </span>
    </p>
   </div>
  </div>
 </body>
</html>
