2604 4746
377 308 562 385 ·Carnr
587 306 687 384 XII.
725 328 764 383 v.
792 314 850 382 15.
890 406 895 413 μ
1082 262 1182 384 479Ι

110 468 257 563 dignitate
273 486 306 538 et
322 473 476 540 felicitate
495 473 537 539 ab
548 493 591 536 eo
607 472 772 536 defecerit.
791 466 839 557 μή
853 492 905 545 τις
923 465 1003 558 ῥίζα
1023 467 1157 557 πικρίας

110 578 174 645 cina
189 574 325 662 φύουσα
341 571 457 666 ἐνοχλῇ
472 595 501 637 κ.
516 597 547 639 τ.
562 574 610 661 λ]
627 594 668 640 ae
679 595 748 658 οιιοΙ
759 568 878 655 planta
897 591 1010 635 antara
1022 577 1156 657 propal-

110 685 205 762 lalaaa
221 689 333 745 tantas
351 683 473 740 exara
487 676 611 756 tarbua,
633 685 671 738 at
684 675 779 738 malta·
785 692 850 758 per
871 691 941 734 eam
955 669 1155 746 inficiaatar.

110 778 285 864 Respicitur
304 774 396 839 locus
418 773 516 840 Dent.
540 783 592 856 29,
616 781 666 838 18.
691 772 747 836 uhi
770 773 804 837 οἱ
824 768 850 835 o'
873 768 1006 834 habent:
1035 771 1083 854 μή
1109 796 1157 848 τις
1212 774 1259 851 ’χ

111 880 193 945 ἐστὶν
207 877 243 943 ἐν
255 876 333 961 daia
346 872 464 966 ῥίζα”
439 897 509 940 aaa
522 873 655 961 φύουσα
670 872 704 939 ἕν
714 872 797 963 χολῇ
820 869 878 934 καὶ
902 865 1020 958 πικρία
1051 893 1090 935 ae
1112 881 1158 940 aa

95 987 188 1046 'later
202 1001 261 1043 οοι
281 977 380 1042 herla
403 996 483 1062 qaae
495 983 612 1060 parcat
633 995 783 1039 oeaeaam
802 982 835 1036 et
856 970 1055 1036 absinthium.
1077 971 1156 1061 ῥίζα
1223 1032 1224 1041 ,

112 1093 158 1144 est
168 1082 279 1159 radix,
298 1080 413 1164 planta
428 1073 531 1138 Hebr.
543 1073 625 1163 apii·
637 1072 735 1137 Deut.
743 1072 767 1136 l.
775 1070 798 1135 l.
812 1068 882 1134 Ioh.
894 1076 943 1150 13,
957 1076 1008 1134 27.
1031 1085 1063 1136 et
1076 1073 1156 1160 ῥίζα

112 1177 239 1265 πικρίας
261 1181 401 1264 positum
419 1177 538 1262 legitur
558 1197 617 1292 pro
639 1173 744 1259 πικροὶ
767 1173 846 1236 vid.
863 1172 1005 1238 Veratius
1028 1175 1067 1237 de
1089 1175 1157 1238 He·
1224 1218 1225 1225 ι

113 1280 237 1347 hraism.
250 1278 292 1344 N.
306 1276 347 1343 Τ.
363 1301 394 1362 p.
410 1282 482 1342 247.
504 1273 623 1361 πικρόν
636 1296 779 1343 amaram
793 1276 827 1337 in
842 1275 993 1337 versione
1011 1273 1157 1339 Alexan·
1232 1346 1234 1355 y

115 1382 198 1444 drina
227 1378 400 1462 respondet
421 1375 527 1441 Hebr.
554 1376 628 1443 hts't
655 1395 822 1454 venenam,
858 1372 945 1459 qnod
967 1375 1158 1443 vocabulum

114 1485 202 1545 etiam
215 1477 319 1546 Dent.
328 1475 351 1542 l.
365 1476 388 1542 l.
404 1488 504 1556 extat,
524 1474 581 1538 ubi
595 1497 700 1539 sermo
715 1489 765 1540 est
778 1477 817 1540 de
832 1473 992 1540 idolorum
1005 1474 1102 1556 cultu,
1124 1491 1157 1541 et

115 1601 222 1646 sensus
243 1576 414 1641 verborum
435 1589 500 1639 est:
523 1576 641 1657 videte,
664 1596 705 1640 ne
726 1579 780 1639 ait⁴
793 1579 877 1640 inter
900 1596 979 1657 voa,
1009 1578 1064 1662 qui
1088 1589 1158 1640 tan·

112 1703 202 1769 quam
233 1677 334 1743 herba
363 1688 540 1753 venenata,
569 1679 692 1743 arrianos
721 1690 927 1741 venenosae
949 1676 1080 1759 inficiat,
1103 1680 1159 1765 qui

110 1802 208 1864 prono
225 1779 265 1842 ad
278 1777 494 1842 idololatriam
512 1778 618 1840 animo
633 1774 717 1840 ahos
739 1778 880 1841 seducat.
924 1777 1047 1842 Similis
1067 1779 1159 1845 locn‘s

110 1895 156 1947 est
177 1889 193 1945 1
217 1879 322 1944 Mace.
348 1884 377 1958 1,
397 1883 447 1940 11.
474 1875 532 1939 uhi
550 1875 730 1941 Antiochus
753 1878 939 1962 Epiphanes
954 1879 1069 1944 dicitur
1083 1876 1160 1964 ῥίζα
1178 1876 1183 1887 ’

110 1978 304 2064 ἁμαρτωλός
318 1989 428 2041 auctor
450 1990 481 2040 et
499 1999 614 2040 caussa
633 1989 847 2062 peccatorum.
889 1978 933 2043 H.
954 1978 977 2043 l.
999 1980 1161 2066 significa-

106 2093 159 2145 tur
179 2081 276 2144 homo
300 2078 354 2163 qui
376 2075 450 2139 aliis
471 2091 583 2141 auctor
602 2089 634 2141 et
653 2098 769 2161 suasor
783 2090 832 2141 est
847 2078 1035 2146 defectionis
1050 2105 1070 2146 a
1084 2083 1162 2148 reli·
1213 2083 1215 2088 ’

98 2187 203 2266 ,ςίοηο
226 2177 410 2256 christiana,
434 2180 488 2262 qui
510 2177 593 2241 alios
616 2176 792 2262 perturbat,
814 2199 940 2242 veneno
965 2202 1023 2243 suo
1047 2182 1159 2266 inficit,
1212 2248 1215 2253 ,

105 2297 139 2348 et
166 2281 208 2345 ad
231 2279 388 2342 defectum
411 2274 545 2342 seducit'
584 2276 731 2362 Ineptam
762 2279 894 2345 Trllleri
908 2283 1098 2346 sententiam
1115 2284 1160 2367 (v.

112 2378 284 2456 Walfiac
274 2399 308 2440 rn
326 2377 468 2461 Curisp.
484 2382 556 2442 785.
582 2389 615 2440 et
639 2375 814 2463 Carpoot'at
834 2378 922 2449 adh
937 2378 975 2464 l.)
991 2383 1043 2443 cui
1058 2384 1161 2447 omnis

106 2492 281 2555 contextus
301 2479 500 2563 refragatur,
525 2476 747 2560 metaphoram
766 2479 968 2561 nimiraaih.
990 2478 1013 2543 l.
1035 2476 1174 2547 ductam
1252 2494 1255 2500 ·

103 2605 183 2648 esse
206 2602 226 2643 a
247 2566 498 2655 medicamentis,
519 2576 694 2658 radicibus,
714 2572 834 2667 hethi!
843 2570 889 2645 ei
894 2564 1042 2666 ¹plantis
1034 2586 1162 2664 amaris,

105 2695 202 2751 acute
218 2679 369 2744 refutavit
383 2679 541 2745 Mi'chael
515 2683 554 2744 lca
569 2678 656 2743 adh.
663 2675 686 2743 l.
700 2670 948 2783 ἐνοχῇῃῖῂοιοι
954 2684 1162 2767 perturbare,

107 2785 225 2853 tardas
242 2786 403 2860 castrare,
417 2801 552 2858 necare,
574 2782 760 2845 anteana
754 2777 1161 2867 cieo,loseph.Ant.12,

101 2894 180 2954 3.4.
202 2879 411 2969 πρόνοιανὸὲ
424 2879 519 2944 ποιοῦ
535 2902 595 2944 του
578 2876 734 2955 ἔθνους
749 2880 839 2945 acroi
854 2905 894 2946 το
886 2880 1095 2961 δυνατὸν,”
1075 2907 1165 2962 οπως

102 2984 253 3071 μηδενὸς
276 2981 461 3066 ἐνοχλῆται.
497 2979 658 3044 Plutarch.
680 2979 719 3043 de
743 2979 903 3067 tranquill.
928 3003 960 3066 p.
982 2987 1054 3047 314.
1076 2983 1160 3067 liha-

103 3082 271 3176 σφημίαι,
293 3082 354 3156 καὶ.
375 3079 485 3164 ὀργαὶ,
507 3083 565 3145 καὶ
584 3075 733 3166 φθόνοι,
756 3082 814 3146 καὶ
836 3080 1087 3165 κακοπαθείαι,
1108 3087 1165 3148 καὶ

104 3180 321 3269 ζηλοτυπίαι,
342 3181 510 3267 ἐνοχλοῦσι
522 3182 559 3245 δὲ
578 3179 635 3243 καὶ
656 3177 874 3266 παροξύνουσι
896 3180 973 3256 τούς
997 3182 1165 3261 ἀνοήτους.

103 3286 268 3354 Deseruit
282 3285 418 3366 scriptor
434 3279 494 3343 hoc
515 3279 615 3344 verbo
635 3300 713 3344 usus
741 3283 971 3367 metaphoram,
991 3296 1026 3347 ut
1045 3284 1164 3350 clarius

103 3397 251 3453 mentem
269 3403 358 3445 suam
382 3383 589 3464 exprimeret.
639 3380 703 3444 Pro
731 3381 849 3473 ἐνοχλῇ
876 3384 1026 3467 Gratim,
1060 3387 1172 3453 What-v

104 3488 199 3576 hyac,
222 3484 345 3547 Malta
366 3480 451 3546 Prol.
465 3504 496 3544 n.
519 3488 592 3548 496.
612 3479 784 3567 legendum
804 3505 878 3548 esse
901 3486 1104 3565 coniecerunt
1119 3484 1164 3577 (ᾖ)

104 3591 145 3655 ἐν
161 3584 256 3673 χολῇ,
274 3593 310 3643 ut
324 3584 358 3644 in
372 3602 457 3644 vers.
470 3581 570 3645 Alex.
581 3580 700 3666 legitur
716 3580 814 3646 Dent.
828 3582 850 3647 l.
859 3583 880 3646 l.
894 3608 988 3671 quam
1005 3593 1166 3653 coniectu·

104 3709 182 3754 ram
202 3680 350 3769 probavit
371 3684 469 3746 etiam
498 3683 721 3749 Valckenarius
738 3686 773 3747 in
795 3685 920 3753 Scholia
945 3687 986 3750 ad
1001 3685 1033 3751 h.
1048 3687 1071 3753 1.
1080 3688 1164 3774 χολῇ

103 3807 205 3872 prop.
221 3781 351 3874 estfed
373 3784 424 3845 dte
450 3780 555 3859 Galle,
578 3782 694 3847 deinde
712 3782 883 3872 depuovis
904 3807 1050 3853 amarore
1072 3811 1165 3853 usur·
1212 3860 1214 3863 ,

103 3898 217 3973 patur,
242 3882 337 3945 etiam
358 3881 398 3944 da
423 3879 534 3946 herbis
555 3884 722 3947 venenatis
746 3887 811 3948 'vid
835 3896 901 3949 not.
920 3887 962 3950 ad
975 3887 1047 3952 Act.
1067 3895 1097 3969 8,
1113 3896 1164 3959 23.

105 3981 230 4071 πικρία
252 3980 350 4045 Dent.
370 3979 394 4045 l.
413 3980 436 4045 l.
457 3982 630 4066 respondet
650 3983 753 4049 Hebr.
769 3977 848 4078 apg}
861 3985 1057 4069 absinthium,
1080 3988 1165 4075 quod

105 4086 160 4150 ihi
175 4083 309 4146 venenis
331 4092 517 4144 accensetur
531 4104 563 4148 v.
578 4086 834 4152 Raseaattllerae
851 4086 891 4148 ad
905 4084 1002 4150 Deut.
1016 4086 1040 4152 l.
1059 4111 1085 4151 o.
1112 4090 1165 4158 st-

102 4192 212 4252 aona
232 4179 318 4245 Lex.
332 4181 388 4246 ed.
410 4183 536 4258 λῖκνα·
558 4195 590 4248 et
606 4183 739 4252 cesena·
757 4185 965 4254 Wrterdacl
980 4208 1007 4253 s.
1024 4209 1054 4254 r.
1072 4185 1162 4258 11595.
