2632 4740
335 217 348 251 'f
437 206 1190 346 cicumeuntes

120 425 298 512 Sedetana,
321 426 381 494 dos
399 425 575 508 acritate,
595 429 659 494 'das
680 427 887 497 Wesen-vid.
911 411 954 490 ad
978 423 1008 511 l,
1028 433 1062 501 ⁴tt.
1091 384 1187 520 atque

118 529 204 592 adeo
229 525 416 603 ὑπόστασις
438 529 504 595 τῶν
524 526 751 614 ἐλπιζομένων
770 526 886 592 dicitur
908 525 1000 610 illud,
1024 533 1111 616 quod
1134 536 1188 625 iis,
1293 555 1301 566 ²

116 651 206 716 quae
225 628 366 692 nondum
381 627 550 713 apparent,
573 629 855 716 quorsumnonnisi
868 626 1014 703 umbram
1030 632 1189 723 videmus,

117 751 240 813 corpus
255 728 353 803 indit3
376 731 448 794 sive
472 743 508 795 ut
528 729 586 793 alii
609 728 712 794 verba
728 726 917 815 explanant,
939 724 1118 796 fides'ideo
1142 736 1189 798 di-

116 832 205 893 citur
215 826 394 893 substantia
405 852 513 894 rerum
523 830 765 914 sperandarum,
775 831 851 916 quia
859 829 1006 916 quamvis
1015 850 1069 892 res
1077 852 1189 916 spera·
1297 836 1300 841 ’

115 941 171 992 tae
182 928 323 992 nondum
333 932 603 1011 existanttamen
613 952 723 995 earum
733 930 940 993 existentiam
947 926 1031 991 fides
1041 931 1196 1016 quodam-

116 1029 259 1093 modain
269 1028 364 1093 nobis
373 1028 470 1094 efficit
479 1042 512 1094 et
523 1032 638 1115 gignit,
649 1043 681 1093 et
695 1029 790 1094 nobis
804 1028 878 1094 illas
890 1042 1080 1116 praesentes
1094 1033 1190 1096 exhi·

117 1127 265 1211 bet,dum
274 1129 470 1194 adeooertos
480 1151 540 1193 nos
549 1132 588 1195 de
598 1129 665 1194 illis
674 1130 807 1213 facit,ac
816 1132 1042 1215 sireipsaiam
1052 1136 1189 1217 praesti-
1260 1182 1300 1211 ,ἢ

115 1243 174 1294 tae
190 1244 312 1321 essent.
333 1232 459 1314 Arguta
468 1233 702 1315 interpretatio,
712 1230 1017 1316 necasimplicitate
1027 1254 1189 1318 commen·

118 1329 253 1395 dabilis.
268 1329 426 1395 Adhibuit
435 1331 594 1415 epistolae
609 1342 722 1394 auctor
729 1329 761 1395 h.
770 1329 794 1396 l.
806 1354 923 1396 nomen
937 1328 1119 1408 ὑπόστασις
1132 1355 1190 1397 eo·
1219 1388 1220 1391 ,

118 1429 197 1496 dem
207 1427 460 1516 significatuquo
470 1436 500 1509 3,
513 1437 563 1496 14.
577 1433 719 1517 positum
734 1445 909 1516 comparet,
926 1434 972 1495 ita
985 1435 1145 1514 nimirum,
1154 1446 1190 1496 ut

109 1532 248 1612 firmam
268 1537 542 1615 exspectationem
565 1553 675 1596 rerum
699 1553 781 1618 qaae
806 1518 974 1617 speramus
987 1533 1119 1597 indicet.
1143 1533 1189 1599 coi

118 1629 325 1715 ἐλπιζόμενα
341 1652 423 1715 quae
440 1652 620 1717 speramus,
635 1645 718 1696 sunt
738 1655 788 1716 ea,
809 1655 893 1719 quae
913 1633 1055 1698 nondum
1071 1653 1190 1698 evene·
1269 1702 1271 1706 ,

117 1745 209 1815 runt,
225 1731 283 1796 sed
295 1732 404 1796 futura
420 1744 505 1795 sunt.
526 1728 571 1797 τά
584 1733 623 1798 οὐ
636 1729 830 1818 βλεπόμενα
843 1756 925 1820 quae
940 1755 1005 1798 non
1020 1736 1190 1803 insensus

117 1837 298 1912 incurrunt,
322 1833 471 1918 siveiam
490 1831 670 1917 evenerint,
693 1835 763 1898 sive
779 1832 888 1897 futura
910 1836 986 1898 sint.
1008 1830 1122 1912 πίστις
1137 1858 1191 1900 re·

119 1944 238 2019 spectu
264 1953 478 2023 eorumquae
503 1944 697 2017 evenerunt,
729 1928 796 2023 est,
818 1955 890 1999 cunr
907 1937 980 2021 quis
995 1937 1191 1999 testimoniis

119 2033 224 2099 fidem
246 2029 361 2106 habet3
384 2043 536 2116 respectu
558 2054 670 2099 eorum
692 2056 778 2121 quae
797 2035 905 2099 futura
922 2032 1008 2114 sunt,
1029 2057 1101 2099 cnm
1118 2040 1192 2123 quis

120 2131 396 2220 promissionibus
425 2130 525 2195 fidem
545 2129 656 2202 habet.
700 2133 780 2198 Post
806 2132 1192 2221 nonypoican‘Biltmins

121 2237 252 2299 comma
272 2233 458 2320 ponendum
479 2222 601 2318 censet,
624 2256 697 2300 cum
717 2233 921 2299 facilinsboc
939 2255 1058 2299 nomen
1075 2236 1193 2321 adpo·

120 2337 246 2400 sterius
274 2335 498 2420 participium,
537 2355 634 2420 quam
665 2334 706 2399 ad
736 2338 827 2422 prius
861 2331 1083 2402 subaudiatur.
1127 2335 1194 2400 Sed
1256 2411 1261 2429 .

120 2437 271 2521 vulgaris
292 2437 510 2520 interpunctio
526 2435 708 2498 retinenda.
753 2433 839 2501 Nam
860 2457 924 2500 non
940 2457 1075 2500 necesse
1093 2448 1195 2501 estut
1243 2459 1246 2463 ’

121 2533 388 2619 subintelligatur
409 2530 617 2623 πραγμάτων
638 2556 670 2600 v.
684 2537 868 2606 Hermanno
890 2535 932 2600 ad
960 2535 1066 2619 Vigor.
1081 2559 1114 2622 p.
1131 2543 1192 2602 871

120 2661 177 2726 sq.
221 2634 428 2703 Vocabulum
444 2632 578 2723 ἔλεγχος
601 2633 745 2701 declarat
764 2641 1067 2704 demonstrationem
1085 2649 1121 2699 nt
1142 2660 1194 2722 ap.

120 2738 229 2806 Diod.
256 2737 321 2802 sio.
344 2755 378 2822 p.
403 2741 475 2801 146.
498 2733 656 2802 Β.,Ρ1ιὶΙο
680 2735 756 2803 Lib.
776 2739 816 2803 de
833 2737 975 2822 Iosepho
991 2758 1024 2821 p.
1045 2742 1116 2803 541.
1135 2735 1194 2801 ult.
1299 2758 1305 2769 “

122 2839 212 2926 πρός
231 2835 367 2923 ἔλεγχον
389 2834 611 2923 βεβαιοτέρως
632 2835 785 2913 πίστεως.
807 2860 839 2902 v.
856 2837 1027 2903 immicos
1044 2848 1075 2900 et
1093 2837 1196 2924 Carp·
1263 2914 1265 2919 ¹

123 2948 237 3007 socias
265 2936 306 3000 ad
331 2934 363 3000 h.
379 2935 403 3001 l.
439 2937 479 3000 de
508 2935 782 3002 demonstratione
805 2935 1030 3001 mathematica
1053 2935 1116 2999 hoc
1138 2960 1198 3001 no-

124 3063 205 3109 men
220 3040 329 3124 posuit
342 3036 478 3102 Aristot.
493 3034 589 3117 ittet,
606 3058 644 3102 σω
654 3044 704 3102 14.
749 3034 917 3122 Significat
933 3055 1012 3098 vero
1029 3037 1125 3100 etiarn
1140 3061 1197 3103 ar·
1235 3109 1238 3112 ,

123 3153 327 3227 gumentam,
356 3149 390 3199 ut
413 3159 465 3221 ap.
486 3134 562 3201 Ael.
582 3134 627 3202 Η.
653 3133 696 3202 V.
718 3141 749 3217 7,
772 3143 824 3202 19.
855 3133 1011 3198 Glossae:
1027 3135 1196 3222 probatio,

125 3242 275 3326 ἔλεγχος.
327 3235 589 3321 Theophylactus
626 3234 775 3325 explicat¹
796 3230 896 3312 δεῖξις
926 3234 984 3298 καὶ
1002 3233 1199 3322 ·φανὲρωσις

126 3341 268 3420 α’ὂήλων
292 3336 500 3423 πραγμάτων
524 3341 754 3404 demonstratio
778 3346 813 3402 et
838 3335 1062 3414 manifestatio
1091 3358 1199 3409 rernm

128 3464 216 3532 prone
233 3462 295 3505 non
314 3448 387 3505 stent
404 3445 605 3521 conspicuae.
628 3473 630 3477 Α
649 3435 885 3500 Oeoumenius:
908 3431 1085 3514 ἀπόδειξις.
1128 3437 1199 3503 Ησ-

127 3567 204 3610 rum
220 3542 442 3605 auctoritatem
459 3539 564 3602 secuti
582 3550 656 3601 sunt
670 3535 781 3622 plures
803 3538 1015 3620 interpretum
1036 3538 1199 3612 recentio-

128 3667 216 3723 rum,
239 3655 272 3705 et
294 3637 427 3725 ἔλεγχος
447 3639 658 3702 reddiderunt
682 3641 923 3717 demonstratio,
947 3620 1004 3700 alii
1031 3635 1200 3720 explicue-

128 3759 222 3814 runt:
245 3746 466 3808 demonstrata
483 3745 632 3821 cognitio.
676 3735 746 3807 Alii
760 3750 979 3821 argumentum
992 3757 1100 3803 rernm
1120 3761 1205 3825 qaae

128 3847 384 3920 monumentor,
405 3846 656 3922 argrcmentaiio.
699 3837 833 3901 Rectius
857 3838 889 3902 h.
913 3837 1025 3906 Lmea
1042 3842 1202 3906 sententia
1268 3913 1272 3920 ,

129 3944 330 4030 exprimitur
351 3946 524 4027 persuasio
543 3937 667 4018 firma,
703 3957 786 4024 quae
811 3960 856 4013 ex
877 3938 1075 4025 argumentis
1101 3942 1203 4004 oritur

128 4052 240 4132 iisque
262 4043 385 4121 nititur,
408 4039 577 4103 derorum
604 4058 688 4125 quae
715 4038 868 4108 sensibus
895 4060 960 4110 non
981 4034 1212 4125 percipiuntur
1240 4030 1247 4047 '

129 4150 286 4216 veritate.
305 4141 469 4228 Loquitur
486 4143 572 4208 enim
589 4140 727 4226 scriptor
744 4140 785 4204 de
801 4151 890 4215 certa
904 4141 1004 4206 anirni
1019 4138 1202 4225 affectione.

759 4275 761 4278 f
844 4237 953 4307 Bb2
