2604 4746
297 261 462 338 Canus
486 259 614 338 XIII.
647 284 685 338 v.
703 267 773 335 ¹14.
802 268 859 340 15.
1033 265 1105 337 525·
1172 355 1176 365 ,
1210 351 1215 361 ,

50 427 260 505 subeundam,
281 421 382 512 ἐξερχ.
407 446 443 490 π.
467 424 543 493 αυτ.
566 419 706 504 ἔξωπῆς
720 423 947 511 παρεμβολῆς,
968 445 1031 489 non
1045 421 1112 490 πό-Ι

50 533 143 610 λεως,
164 546 358 614 quamquam
379 524 491 590 urbem
511 528 671 611 respexit,
692 538 727 589 ut
753 547 797 590 ex
819 538 943 611 v.²seq.
959 537 1105 610 apparet,
1221 600 1224 609 Ι

48 653 113 695 non
133 640 255 693 tantum
277 637 461 711 propterea,
492 627 571 711 quia
588 627 621 689 in
641 641 748 691 mente
769 624 881 690 habuit
899 624 979 691 coll.
1000 647 1032 689 v.
1046 632 1106 690 «11.

47 732 155 797 locum
168 729 276 816 Levit.
299 731 350 806 16,
364 732 415 791 27.
438 727 722 812 supralaudatum,
745 739 778 790 et
794 728 869 812 quia
881 725 959 789 urbs
975 726 1106 790 ludaeis

48 843 130 910 erat,
152 826 239 915 quod
255 825 333 890 olim
347 828 384 890 in
399 827 528 907 deserto
549 839 653 891 eastra
667 825 806 905 fuerunt,
830 826 888 889 sed
912 829 1009 891 etiam
1029 848 1105 911 pro·

21 935 171 1017 pterea,
194 928 318 1013 qniain
339 925 470 993 deserto
492 927 551 990 lex
564 927 641 1006 lata,
666 925 769 990 cultus
792 925 958 991 Leviticus
979 929 1106 993 institu-

47 1043 98 1093 tus
116 1038 195 1108 erat,
217 1050 239 1091 a
260 1025 614 1112 christianis‘roligioni
636 1026 759 1091 Christi
776 1025 863 1090 haud
875 1026 1111 1092 immiscendos¹
1151 1015 1153 1027 ¹

48 1127 123 1195 coll.
137 1151 169 1191 v.
183 1135 215 1193 9.
230 1130 320 1191 cuius
339 1139 445 1192 tamen
461 1126 664 1212 neglectione
685 1127 794 1192 odium
815 1139 848 1199 et
864 1128 1114 1212 persecutiones

47 1231 242 1298 ludaeorum
254 1226 318 1292 sibi
330 1218 497 1313 parabant.

86 1389 88 1393 ,
134 1336 185 1393 14.
206 1328 347 1392 Additur
363 1350 490 1410 caussa,
512 1349 569 1392 cur
584 1330 658 1412 ipsa
672 1347 759 1392 mors
779 1327 995 1414 ignominiosa
1020 1325 1106 1392 chri·

49 1432 165 1503 ationis
180 1440 313 1514 propter
327 1425 496 1512 religionis
511 1426 747 1511 professionem
769 1426 963 1512 perferenda
976 1429 1035 1500 sit3
1056 1429 1107 1492 fe·

47 1529 142 1595 licior
158 1533 226 1593 vita
239 1549 299 1593 ecs
315 1539 424 1593 manet
438 1526 479 1591 cl.
495 1525 587 1591 Rom.
603 1531 634 1606 8,
651 1530 743 1592 17.-2
759 1526 844 1592 Tim.
862 1533 959 1608 2,11.
983 1533 1000 1592 1
1017 1527 1105 1594 Petr.

47 1637 148 1712 4,13.
169 1629 299 1695 Etenim
312 1629 374 1708 lic,
396 1627 448 1690 his
463 1629 497 1689 in
516 1629 623 1703 terris,
644 1646 708 1693 ποπ
722 1627 869 1694 habemas
891 1626 999 1692 urbem
1022 1652 1106 1716 puae

47 1741 189 1810 mnam,
210 1730 438 1809 neustriorum,
460 1727 659 1815 saulemque
672 1740 829 1812 perpetuo
847 1727 1106 1796 duraturamvdc·

47 1834 234 1897 rideremus.
276 1830 341 1894 Per
362 1827 426 1906 τήν
444 1827 634 1914 μέλλουσαν
655 1823 755 1891 πόλιν
773 1825 914 1913 intelligi
934 1829 1030 1893 dehet
1050 1827 1106 1898 ‘Is-

48 1929 223 2017 ρουσαλὴμ
255 1928 447 2016 ἐπουράνιος
470 1950 501 1991 v.
530 1935 579 2008 12,
606 1935 658 1991 22.
685 1923 763 2002 τούς
784 1925 968 2010 θεμελίους
986 1926 1108 2015 ἔχουσα

47 2027 144 2105 πόλις
157 2036 213 2112 11,
226 2036 276 2095 10.
295 2031 391 2117 (qnae
404 2027 453 2092 ihi
467 2030 638 2113 opponitur
654 2028 797 2106 σκηναῖς
809 2048 841 2092 v.
856 2034 886 2093 9.
908 2032 1112 2116 memoratis).

48 2130 172 2214 πατρὶς
197 2128 390 2214 ἐπουράνιος
413 2119 683 2209 11,14.16.·οο1
711 2126 934 2212 Hierosolyma
960 2125 1113 2197 'coelestia

46 2242 204 2317 perpetuo
219 2228 371 2294 duratura
390 2234 509 2308 11,10.
530 2241 644 2318 nostro,
659 2237 709 2291 est
729 2228 837 2312 imago
851 2226 1017 2295 felicitatis
1029 2253 1106 2325 pen-

49 2335 143 2397 ennis
167 2332 202 2395 in
224 2328 317 2394 coelo
338 2328 579 2413 exspectandae
599 2329 665 2392 vid.
680 2339 746 2392 not.
761 2328 803 2392 ad
815 2336 867 2410 12,
883 2336 936 2394 22.
958 2312 1107 2406 chrisi&
1230 2326 1233 2333 '

48 2434 98 2496 nis
120 2453 180 2516 per
196 2430 361 2496 Christum
381 2439 494 2515 partae
511 2433 561 2508 12,
574 2434 627 2493 23.
643 2435 695 2492 24.
715 2426 815 2504 πόλις
824 2426 869 2494 ὀὐ
889 2429 1036 2509 μένουσα
1057 2444 1116 2498 est.

48 2529 278 2614 Hierosolyma
289 2531 462 2609 terrestris,
483 2550 556 2593 cum
572 2527 660 2591 cultu
675 2527 824 2593 Levitico
843 2551 903 2614 per
918 2529 1040 2597 Christi
1054 2557 1107 2599 re-

48 2629 204 2718 ligionem
218 2630 374 2718 abrogato
390 2630 593 2695 destruenda.
637 2627 823 2694 Sententiae
841 2645 947 2698 autem
963 2636 1048 2700 inter
1069 2658 1107 2702 se

48 2735 94 2804 ita
116 2732 307 2799 cohaerent:
331 2732 434 2796 Sicuti
455 2731 604 2795 Christus
629 2751 674 2793 ex
696 2726 776 2793 urbe
799 2733 898 2813 exiit,
922 2746 954 2798 et
971 2749 1107 2801 mortem
1143 2793 1147 2804 .

48 2836 297 2920 ignominiosam
311 2853 490 2918 perpessus
512 2842 587 2910 est„
603 2831 651 2893 ita
676 2841 708 2893 et
721 2851 781 2894 ncs
799 2831 840 2895 atl
854 2853 926 2896 eum
941 2854 1108 2914 exeamus,

49 2936 156 3020 parati
170 2935 270 2999 simus
281 2932 456 3018 religionis·
466 2924 589 2996 Christi
604 2951 720 2994 caussa
735 2934 842 3015 ipsam
855 2945 991 2998 mortem
1004 2956 1107 3021 aeque

50 3032 315 3108 contumeliosam
331 3031 452 3099 subire.
494 3029 579 3096 Nam
590 3028 821 3112 Hierosolyma
834 3037 996 3098 terrestris
1008 3036 1108 3100 inter·

50 3136 110 3207 ihit
132 3147 164 3199 et
187 3156 260 3200 oum
282 3157 323 3199 ea
350 3133 456 3198 cultus
479 3132 662 3204 Leviticus3
689 3129 765 3193 inde
788 3130 883 3195 nobis
909 3132 997 3198 nulla
1018 3134 1120 3199 salus.

52 3235 213 3321 speranda
227 3234 289 3316 est,
315 3255 438 3299 summa
451 3244 557 3296 antem
569 3231 720 3310 felicitas,
743 3251 845 3316 eaque
869 3246 1027 3317 perpetuo
1049 3236 1134 3298 dn·.¹

10 3414 18 3425 ,
50 3348 171 3415 rmore,
187 3357 246 3420 per
263 3334 426 3399 Christum
440 3343 543 3418 parta,
555 3352 625 3417 nos
638 3341 822 3396 constantes
836 3335 946 3418 ipsias
967 3333 1124 3401 cultores·

10 3464 15 3487 2
50 3433 192 3508 incaelo
207 3449 315 3501 manet
329 3432 414 3499 l'hil.
432 3439 463 3513 3,
479 3436 530 3495 20.
561 3428 627 3506 Qui
642 3429 742 3497 πόλιν
763 3436 951 3501 domicilium
969 3449 1108 3518 vertunt,

10 3582 22 3607 .
52 3558 183 3607 sensnm
204 3537 335 3622 quidem
355 3532 740 3618 utcunque'exprimnnt,
761 3534 820 3597 sed
841 3533 1111 3620 significationem

52 3636 230 3723 negligunt.
273 3634 387 3722 Neque
408 3631 503 3697 nobis
522 3633 644 3697 arridet
667 3654 778 3697 eorum
797 3634 1009 3719 interpretum
1030 3658 1110 3715 sen-,-
1214 3628 1218 3633 ’

52 3740 164 3817 tentia,
184 3739 237 3824 qui
261 3736 438 3820 generatim
451 3731 517 3798 loci
532 3755 663 3805 sensum
675 3734 721 3795 ita
736 3736 947 3802 constituunt:
968 3742 1121 3806 morian..

54 3839 129 3904 lum
148 3848 201 3901 ast
220 3834 387 3914 omnibus,
416 3832 506 3897 nulla
527 3837 569 3897 iis
593 3833 645 3898 his
666 3837 700 3896 in
721 3837 817 3899 terris
839 3836 935 3913 sedes
955 3836 1027 3904 fixa
1046 3853 1108 3905 est.

54 3937 138 4011 Nam
150 3948 354 4025 opponuntur
369 3935 401 3998 h.
416 3933 438 3997 l.
457 3934 627 3998 christiani
642 3933 784 4016 ludaeis,
806 3947 840 4000 et
857 3938 1001 4022 μένουσα
1012 3939 1109 4016 πόλις

54 4026 527 4127 ipsiii'civitatisduraticnam
545 4033 677 4097 indicat.
721 4092 724 4102 ι
888 4048 890 4053 ·

135 4142 187 4207 11.
208 4140 353 4228 Propter
363 4158 439 4205 ουπ
449 4142 554 4222 husa
573 4139 701 4219 οεοῑυμο
711 4134 789 4231 νΒεο
805 4118 970 4245 aedificic
985 4096 1124 4222 offero-r
