2604 4746
434 323 591 402 Cabur
615 323 664 400 X.
702 347 740 403 v.
768 329 802 400 5.
1073 332 1146 406 345

95 495 211 559 tionem
232 501 362 558 tuentur
379 500 474 579 atque
496 489 685 557 confirmant
713 486 814 554 verba
845 507 927 576 quae
957 500 1148 578 sequnntur:

95 591 187 680 σῶμα
204 590 479 681 numericorum.
500 656 504 666 ,
521 590 647 656 Nomen
671 589 827 676 Χριστὸς
846 613 865 660 c
887 591 960 656 loco
981 591 1148 656 remotiori

95 701 125 775 0,
137 701 189 760 28.
209 692 517 780 repetendum'esae‚
538 690 640 756 verba
651 694 725 778 ipsa
745 691 873 755 docent.
917 690 1040 756 Similis
1055 691 1147 756 locus
1206 775 1210 783 ,

95 801 126 876 8,
139 800 172 860 6.
191 793 249 858 ubi
268 793 396 879 ’τέτευχε
417 793 621 857 referendum
640 793 681 856 ad
701 787 865 880 σίρχιέρειίς
876 811 911 855 ν.
924 798 956 857 1.
967 791 1033 855 vid.
1053 790 1148 857 Stor-

95 902 160 964 rice
172 893 273 959 Obas.
290 893 331 956 ad
344 889 440 958 Anal.
454 915 486 980 p.
500 901 561 960 401
579 917 628 980 sq.
650 894 783 959 θυσίαν
797 893 856 958 καί
871 888 1071 980 σρσσφορυίν
1084 892 1146 957 οὐκ

95 983 277 1080 initiarer]
296 993 461 1074 recnsscta
483 1006 518 1062 et
537 993 711 1060 oblationes
732 1015 795 1060 ασυ
815 987 991 1059 desideras.
1038 991 1147 1056 Voca-

95 1092 169 1159 bnlo
187 1090 312 1159 θυσίαν
337 1092 558 1179 significantur
578 1091 739 1173 sacrificia
766 1104 909 1173 cruenta,
929 1104 965 1156 ut
983 1088 1154 1174 desiccet
1246 1102 1249 1116 ·

95 1193 360 1280 ὁλοκαυτώματα
375 1194 596 1258 discernantur
609 1194 649 1258 cf.
665 1214 697 1260 v.
712 1199 744 1259 6.
763 1191 993 1278 intelligendae
1011 1203 1086 1258 sunt
1098 1194 1149 1255 vi·
1247 1233 1251 1239 -
1277 1220 1281 1225 ·

97 1298 220 1376 mimae,
241 1316 374 1382 quarum
386 1314 463 1380 pars
475 1304 596 1357 tantrun
612 1315 687 1358 arae
702 1290 853 1380 imposita
867 1291 1068 1375 adolebatur,
1085 1313 1148 1356 ¹re·
1163 1376 1166 1383 ¹
1231 1296 1237 1309 “

96 1392 184 1482 liqna
203 1405 322 1460 autem·
332 1414 408 1481 pars
427 1393 647 1458 sacerdotibus
668 1394 803 1461 cedebat
822 1417 854 1457 v.
873 1393 1094 1475 Levit.5‚13.⁴
1114 1399 1147 1475 7,
1193 1397 1197 1403 ’

103 1499 299 1561 12.14.16’.
336 1492 484 1575 Num-6,
502 1500 554 1558 20.
590 1498 770 1583 ’προσφορά
796 1495 851 1560 Ps.
874 1493 897 1557 l.
920 1493 943 1558 l.
972 1494 1148 1581 respondet
1279 1569 1285 1584 ,

101 1593 198 1661 Hebr.
215 1604 304 1686 ἣζιξᾯ
320 1597 442 1675 ιίσνιαυι,
464 1596 549 1679 quod
564 1607 742 1681 ‚usurpatur
762 1596 802 1660 de
822 1595 984 1661 sacrificio
998 1597 1148 1660 incruen-

103 1707 144 1780 to,
162 1697 201 1762 de
219 1695 345 1777 simila,
372 1693 553 1782 placentis,
569 1714 641 1760 cum
655 1694 740 1776 oleo,
768 1696 873 1778 thure,
900 1695 970 1762 sale
985 1718 1017 1762 v.
1038 1695 1147 1763 Levit.

104 1801 161 1878 2,1
178 1819 226 1885 sq.
249 1808 282 1861 et
297 1807 363 1861 not.
379 1797 420 1860 ad
433 1799 463 1876 t,
478 1802 507 1860 1.
530 1792 707 1876 ἠθέλησας
728 1796 814 1862 idem
835 1795 978 1862 declarat
997 1798 1082 1886 quod
1098 1795 1149 1865 εὖ·

104 1895 244 1978 truncae
265 1918 297 1962 v.
317 1903 348 1962 6.·
373 1896 571 1982 Hesychius:
592 1896 688 1962 θέλω
700 1931 743 1947 -
757 1897 914 1966 addend.
935 1898 1032 1968 Item:
1055 1898 1151 1970 αἰδό-

107 1991 207 2078 κη’σαν
212 2044 226 2081 ,
250 1991 428 2083 ἐβούλοντο
435 2045 449 2082 ,
475 1994 670 2081 ἠθέλησαν,
698 1995 890 2084 ἠγάπησαν.
939 2000 982 2067 Ιιι
1000 2005 1151 2069 versione

106 2097 321 2163 Alexandrina
339 2100 394 2164 Ps.
416 2099 439 2164 l.
460 2098 483 2163 l.
502 2107 535 2178 4,
548 2103 588 2164 ’7.
616 2098 943 2179 Ies.1‚11.verbnm
961 2103 1080 2169 ιθέλειν
1094 2127 1150 2170 re-

107 2200 233 2285 spondet
254 2196 359 2264 Hebr.¹
380 2211 451 2294 'fatu
470 2202 631 2269 delectam·
648 2205 756 2288 αίίηνα
775 2223 828 2283 re,
849 2202 995 2289 probare
1017 2209 1150 2292 aliquid,

107 2301 183 2385 qnod
194 2303 228 2364 in
241 2298 354 2364 eadem
365 2303 515 2364 versione
530 2322 720 2387 expressum
741 2299 861 2388 legitur
881 2301 1151 2373 verberabamur
1258 2344 1270 2386 4

107 2398 236 2486 illegg.
253 2407 306 2481 22,
321 2407 373 2465 20.
394 2401 449 2466 Ps.
465 2408 516 2482 50,
530 2407 583 2467 20.
604 2400 670 2466 Ie.
679 2406 732 2481 02,
748 2410 779 2467 4.
799 2401 946 2488 σῶμαδέ
961 2401 1150 2491 κατηρτίσω

107 2502 168 2588 μοι]
189 2512 330 2567 vertunt:
360 2503 418 2566 red
432 2521 566 2586 corpore
587 2503 720 2569 Ιιυνιανισ
742 2525 791 2569 me
807 2506 954 2588 sudauit,
981 2506 1067 2593 quod
1089 2529 1149 2593 pro

107 2595 204 2666 hostia
219 2601 381 2682 offerrem,
402 2613 437 2664 ut
449 2601 631 2668 hominibus
643 2624 753 2693 veram
767 2605 996 2688 expiationem,
1019 2605 1150 2693 plenam

108 2715 300 2784 peecatorum
319 2704 449 2767 veniam
471 2703 676 2768 conciliarem
700 2725 733 2770 v.
751 2710 783 2784 2,
808 2705 859 2769 14.
887 2712 919 2786 9,
945 2711 996 2772 25.
1028 2713 1149 2789 10,10.

97 2797 306 2895 ,καταρτίζειν
319 2814 423 2867 notate
435 2824 571 2890 parare,
592 2813 755 2871 rastrum
769 2825 801 2868 v.
814 2804 907 2871 Rom.
922 2812 953 2887 9,
966 2813 1019 2873 22.
1045 2807 1149 2875 Hebr.

114 2907 157 2985 11,
171 2910 201 2970 3.·
225 2910 275 2984 13,
290 2911 342 2969 21.
354 2903 456 2968 Lxx
470 2905 525 2970 Ps.
537 2911 592 2987 74,
608 2910 659 2970 16.
684 2903 740 2968 ubi
754 2905 788 2968 in
804 2916 898 2971 textu
911 2905 1075 2973 Hebraico
1090 2931 1151 2973 ex·

113 3013 150 3067 tat
161 3004 294 3070 verbum
309 3014 389 3091 l'ssl'
396 3005 468 3069 add.
476 3005 530 3071 P.
539 3011 591 3086 89,
600 3009 652 3070 37.
665 3004 806 3088 Hesych.
816 3004 1019 3092 κατηρτίσω·
1042 3000 1151 3090 έασίη-

113 3125 173 3193 σας,
193 3101 404 3182 restauror.
437 3103 715 3192 11.καταρτήσαι,
734 3091 1001 3188 κατασκευάσαι,
1023 3111 1152 3176 τελειῶ-

114 3225 168 3272 σαι.
185 3207 252 3272 Sed
261 3205 451 3293 velbaquae
460 3210 622 3273 ¹actionem
638 3206 790 3289 indicant,
800 3206 886 3272 haud
899 3229 973 3272 raro
986 3208 1026 3274 de
1040 3210 1152 3277 decre·
1282 3240 1283 3245 ¹

114 3317 149 3389 to,
166 3308 220 3374 vel
234 3305 450 3373 declaratione
466 3310 602 3374 actionis
617 3301 778 3397 ponuntur
790 3308 837 3389 cf.
849 3315 931 3395 quae
952 3328 1050 3397 supra
1063 3314 1105 3378 ad
1119 3321 1150 3399 8,

115 3412 155 3473 13.
179 3410 416 3482 annotavimus3
450 3409 549 3474 sich.
571 3408 595 3473 l.
625 3406 824 3494 κατηρτίσω·
845 3409 937 3474 reddi
963 3412 1072 3481 debet:
1099 3438 1151 3481 me

115 3527 236 3596 corpore
249 3509 388 3574 humano
407 3510 541 3575 induere
564 3510 750 3584 decrevisti3
777 3509 920 3576 Messias
944 3516 1038 3597 enim,
1061 3520 1153 3582 cuius

112 3611 386 3696 praeexistentiam
400 3610 512 3703 Iudaei
527 3609 709 3692 credebaut,
732 3609 869 3697 loquens
889 3612 1066 3696 inducitur,
1095 3638 1153 3680 au·

113 3723 231 3801 tequam
245 3713 340 3778 homo
355 3712 460 3776 factus
475 3723 572 3776 esset.
615 3708 772 3776 Nonnulli
792 3712 984 3798 interpretes
1001 3717 1093 3802 σῶμα
1111 3716 1152 3783 de

111 3821 257 3903 νιαασίρίσ
282 3814 550 3896 interpretantur,
589 3833 654 3900 quo
676 3809 857 3897 significatu
881 3812 943 3878 hoc
959 3815 1153 3889 vocabulum

109 3912 220 4004 legitur
236 3936 290 4000 ap.
310 3911 422 3996 Polyb.
443 3911 530 3978 Hist.
547 3922 576 3995 1,
592 3919 643 3979 10.
664 3924 749 3977 extr.
772 3912 875 3979 Marc.
887 3913 1040 3981 Antonin.
1054 3924 1084 4000 1,
1101 3923 1151 3984 10.

107 4018 137 4081 in
149 4037 235 4083 vers.
251 4012 351 4080 Alex.
369 4013 449 4079 Gen.
464 4020 516 4097 30,
531 4020 567 4079 0.
583 4012 667 4082 Tob.
684 4019 798 4096 10,11.
819 4037 851 4081 v.
868 4015 1025 4083 Elaeae
1039 4029 1072 4082 et
1086 4019 1153 4091 Pu·
1216 4058 1220 4065 ·
1287 4044 1289 4049 ’

106 4120 237 4186 latretur
250 4115 292 4180 ad
305 4115 407 4202 Apoc.
421 4121 471 4197 18,
484 4123 533 4183 13.
553 4113 727 4182 Laterum
747 4110 791 4181 ad·
802 4114 971 4199 Phrynicb.
983 4138 1016 4202 p.
1028 4122 1090 4186 378
1102 4139 1151 4207 sq.

104 4218 240 4317 Sensum
261 4219 308 4284 ita
328 4219 536 4284 constituunt:
564 4217 650 4310 servi
669 4232 840 4306 porsonam
859 4215 938 4285 mibi
959 4219 1156 4308 imposuisti,
