2632 4740
432 299 594 374 θετον
619 301 696 371 Ill.
734 324 770 375 v.
788 270 848 377 ¹l.·
1112 315 1157 380 87

106 471 165 524 not.
181 461 223 525 ad
236 465 267 539 2,
283 466 334 524 11.
358 458 502 541 κλήσεως
515 460 709 547 ἐπουρανίου
721 465 868 550 μέτοχοι]
889 475 1065 535 vocationis
1086 491 1156 534 coe·

108 565 187 626 iceret
198 567 390 646 panticapes.
433 559 633 629 Vocabulum
648 562 761 638 κλῆσις
776 564 936 648 significat
948 552 1157 667 οοτοίίοαεοι,

112 666 317 725 mucronem
338 681 369 724 v.
390 683 418 726 c.
440 663 481 725 ad
503 665 684 726 convivium
702 683 733 727 v.
756 663 845 728 Xen.
867 664 1018 751 Symposr
1034 673 1063 746 1,
1081 671 1111 732 7.
1134 676 1155 734 3

115 757 201 824 dlacc.
216 765 249 840 5,
265 754 316 825 14.
336 782 396 845 per
409 772 527 826 meton.
542 770 713 829 conuicium
726 768 827 846 ι’ριιιω
840 762 956 850 Iudith.
974 772 1024 846 12,
1042 772 1091 831 10.
1114 767 1153 833 In

115 860 189 924 libris
199 859 244 924 N.
253 860 296 924 Τ.
309 861 371 924 hoc
384 883 501 925 nomen
513 866 684 948 usurpatur
696 865 736 929 de
749 869 952 930 coactiones.
964 872 1153 932 incitatione

116 961 348 1038 tdfclicc‘tutem
363 982 421 1046 ope
434 964 597 1044 religionis
605 962 802 1029 christianae
813 969 1060 1051 concoquendum
1068 966 1152 1051 Eph.

115 1067 187 1140 1,18.
196 1059 290 1135 ἐλπὶς
298 1059 460 1145 (felicitas)
469 1059 964 1147 τῆςκλήσεωςαιίηαονιίνοίταῐι·
975 1073 1153 1152 catapano

113 1159 184 1225 rodit
197 1159 306 1226 oblata
318 1170 378 1225 cot.
399 1159 482 1224 Phil.
500 1167 595 1239 3,14.
611 1160 650 1227 τὸ
665 1161 826 1247 βραβεῖον
843 1169 904 1243 τῆς
920 1160 988 1230 ἄνω
1006 1163 1154 1244 κλήσεως

106 1269 271 1342 μενεαίνω
283 1263 331 1326 ud
343 1261 426 1345 quod
440 1258 638 1326 obtinendum
650 1265 781 1327 coelitus
793 1275 925 1330 οοοααιε
937 1287 1004 1330 νυνι
1017 1287 1083 1352 per
1095 1267 1152 1332 Ie·
1169 1265 1174 1276 ’

108 1383 164 1426 rtur
181 1359 350 1426 clerorum.
392 1359 457 1423 Per
473 1362 709 1443 metonymiam,
729 1363 880 1447 idipsum
900 1364 941 1430 ad
957 1367 1044 1451 quod
1066 1366 1155 1430 cirri-1

108 1462 192 1523 ctiam
202 1463 386 1539 invitantur,
397 1459 561 1537 felicitat,
584 1459 665 1525 bonu
680 1465 829 1528 coelestio
846 1462 929 1548 Eph.
947 1475 980 1546 4,
1001 1474 1029 1530 1.
1051 1455 1152 1543 α’ξίως

106 1561 319 1646 περιπατῆσαι
334 1559 393 1638 τῆς
407 1556 549 1637 κλήσεως
563 1551 603 1637 ῆς
616 1558 788 1650 ἐκλήθητε
804 1572 841 1627 ut
857 1572 955 1629 citam
976 1571 1083 1648 agata
1103 1568 1153 1631 dc

103 1682 189 1740 gnam
199 1659 371 1736 felicitate
381 1661 618 1745 μονθίινίείιινι
637 1661 724 1728 codic
742 1661 859 1728 obtata.
882 1671 901 1730 2
918 1664 1036 1729 Thess.
1051 1671 1081 1744 1,
1099 1671 1149 1729 11.
1185 1696 1188 1711 ·

104 1751 152 1824 ἰ’να
165 1756 254 1843 ὑμᾶς
265 1754 390 1846 α’ξιιίση
408 1759 467 1839 τῆς
480 1754 626 1837 κλήσεως
639 1758 659 1823 ὁ
677 1756 759 1835 Θεὸς
774 1759 830 1824 ubi
844 1785 876 1827 v.
891 1764 1051 1850 Koppicc.
1082 1763 1150 1829 lam

104 1858 225 1943 plurimi
247 1863 437 1944 interpretes
457 1859 557 1924 verba
578 1858 723 1935 κλήσεως
744 1883 772 1924 κ.
788 1884 814 1925 τ.
826 1863 856 1926 λ.
872 1862 1062 1949 explanant:
1084 1883 1150 1926 τινα

103 1961 251 2027 nodttcum
266 1964 312 2027 αιί
321 1960 402 2025 dcco
413 1963 564 2026 coelestia
573 1967 711 2040 ι’νοίλαίί,
726 1971 762 2021 ut
773 1959 959 2027 haecvcrba
970 1966 1151 2026 contineant

104 2059 340 2146 descriptionem
365 2060 627 2140 christianorum,
657 2057 794 2121 similem
818 2063 849 2122 ei
874 2084 957 2147 quae
977 2060 1096 2146 legitur
1117 2069 1150 2141 9,

106 2165 147 2225 15.
161 2163 194 2226 οἱ
210 2159 405 2244 κεκλημένοι
424 2157 485 2238 τῆς
500 2153 635 2224 αἰωνίου
647 2155 878 2243 κληρονομίας.
918 2158 994 2229 Νοο
1014 2181 1149 2245 possum

106 2259 206 2324 adduci
222 2272 257 2323 ut
271 2262 441 2340 assentiar,
462 2258 628 2344 probanda
643 2258 751 2345 potius
766 2259 893 2324 videtur
914 2259 1056 2341 Storrii,
1080 2259 1148 2323 He·
1173 2318 1176 2325 .

107 2363 169 2424 relic·
184 2361 311 2445 (Neuer
336 2360 475 2426 Verruci
497 2359 653 2445 κοιντίου
674 2358 781 2437 Brut
794 2359 904 2425 acuo
916 2360 1099 2444 Hebraeae)
1117 2371 1149 2423 et

109 2455 215 2549 didicit*
226 2464 320 2542 ratio,
342 2464 398 2548 qui
412 2459 512 2525 verba
527 2458 705 2543 explicant:
729 2458 843 2536 κλῆσις
863 2446 1053 2545 οὐρανόθεν
1068 2456 1146 2542 ήμῖν
1199 2512 1204 2521 .
1219 2463 1225 2470 ’

109 2560 250 2644 γινομένη
266 2565 402 2628 coetttuc
418 2583 482 2625 uua
502 2558 660 2626 nobiccum
681 2565 814 2647 incitati
826 2562 872 2625 ud
890 2559 1012 2624 Otr-tert
1030 2561 1148 2624 docnt

109 2676 174 2725 tum.
215 2661 345 2725 Etenim
361 2661 424 2725 hoc
444 2671 538 2744 caput
552 2662 701 2734 *continet
715 2658 966 2723 cohortationem
981 2658 1021 2720 ad
1035 2677 1146 2741 perse·

110 2763 267 2824 rorantiam
288 2763 322 2822 in
343 2759 503 2844 religione
525 2757 713 2832 christiana3
743 2761 870 2831 vocatio
891 2745 1147 2841 adreligionem
1265 2760 1269 2775 ¹

109 2858 297 2924 christianam
311 2860 426 2922 dicitur
445 2857 557 2937 κλῆσις
574 2864 590 2920 1
607 2857 683 2922 Cor.
701 2865 731 2938 1,
749 2863 800 2921 26.
824 2870 855 2920 et
873 2857 990 2943 religio
1005 2861 1079 2941 ipsa
1092 2856 1145 2916 in·

108 2957 145 3023 ira
156 2967 184 3041 5,
198 2968 237 3025 4.’
253 2972 388 3023 vocatur
404 2956 511 3044 δωρεαὶ
524 2955 716 3044 ἐπουράνιος
729 2956 997 3047 donumcoelitus
1012 2974 1145 3018 concea-

109 3077 163 3123 tum
172 3082 232 3144 per
245 3058 388 3145 legatum
399 3055 469 3138 Dei
482 3056 670 3131 coelestem3
692 3059 739 3121 sic
752 3069 784 3120 et
797 3056 830 3121 h.
845 3055 869 3121 l.
883 3053 995 3134 κλῆσις
1006 3050 1144 3139 ἕπονροί-

108 3177 160 3234 νιος
170 3171 219 3223 eat
232 3161 360 3221 vocatio
381 3157 422 3219 ad
442 3156 617 3221 doctrinam
634 3179 694 3243 per
715 3155 888 3231 coelestem
904 3154 970 3218 Dei
989 3153 1143 3239 legatum,

108 3261 266 3343 quistatim
281 3258 397 3320 dicitur
413 3253 432 3321 ὁ
448 3255 640 3331 α’πόστολος.
681 3257 708 3321 F
710 3259 773 3319 acit
793 3257 834 3319 ad
851 3255 934 3318 hanc
952 3258 1143 3344 interpreta-

108 3359 208 3424 tionem
229 3355 477 3422 ccnfirmandam
497 3359 591 3420 etiam
613 3355 704 3420 locus
720 3363 771 3436 12,
786 3360 847 3428 25.
867 3355 940 3421 Hac
960 3366 1066 3418 autem
1086 3351 1142 3415 de·
1258 3392 1280 3452 ·.'

109 3461 263 3544 scriptione
291 3455 537 3521 christianorum
556 3477 635 3520 usus
659 3468 708 3519 est
730 3467 854 3537 noster,
882 3466 917 3517 ut
940 3451 1086 3519 lectoraa'
1101 3472 1141 3515 eo

109 3560 194 3622 acrius
210 3558 428 3622 excitarentur
441 3567 473 3618 et
488 3558 695 3619 incitarentur
707 3554 748 3617 ad
760 3567 965 3621 constantem.
974 3554 1139 3619 doctrinae

108 3651 210 3722 dlnsti
218 3655 464 3743 professionem.
487 3652 722 3733 κατανοήσατε
737 3650 797 3718 τὸν
807 3651 999 3735 ιοἷπόστολον
1009 3651 1068 3731 καὶ
1080 3646 1139 3733 ἄρ-

107 3758 195 3842 χιερὲα
209 3757 270 3835 τῆς
282 3756 465 3839 ὁμολογίας
476 3751 567 3839 ήμῶν
581 3755 607 3819 Ι.
623 3755 682 3836 Χ.]
697 3759 895 3833 οοηιίιλινοτε
907 3756 1043 3834 legatum
1053 3751 1140 3829 ιἸίανι

110 3861 278 3943 amantque
286 3855 476 3941 pontificem
492 3876 653 3934 ιονιιοανι,
675 3871 763 3940 quent
770 3853 973 3940 profiteatur.
991 3846 1138 3912 Verbum

113 3957 268 4022 κατανοεῖν
290 3956 431 4019 denotat:
460 3964 586 4020 attente
607 3956 728 4040 aliquid
745 3960 881 4034 intueri,
901 3959 1060 4018 comente
1076 3949 1136 4012 ali-

114 4059 170 4135 ptc'd
181 4061 277 4123 oculis
287 4058 474 4144 perspicere
490 4055 570 4118 Gen.
584 4060 637 4134 42,
654 4060 686 4119 9.
708 4050 911 4130 κατανοῆσαι
929 4047 974 4115 τοὶ
990 4047 1061 4136 ’ήηνη
1077 4046 1137 4126 τῆς

115 4145 197 4241 χώρας
215 4147 330 4239 ήκατε.
351 4154 479 4241 loseph.
494 4153 568 4219 Ant.
584 4160 615 4236 5,
633 4161 661 4220 1.
677 4159 706 4221 2.
729 4151 769 4218 de
791 4147 1043 4240 speculatoribus
1056 4145 1138 4213 llio·
