2632 4740
110 316 203 386 ’244
255 256 259 265 ¹
397 252 888 376 'crenavl1.v.1e.·

38 479 63 518 '·
129 473 182 562 qd.
207 461 429 553 ἒπεισοίγεται.
478 457 686 528 Vocabulum
713 458 924 548 ἐπεισαγωγῆ
949 461 1051 549 paulo
1077 466 1173 546 rarius,

128 573 291 657 significat
315 569 598 643 introductionem,
620 569 830 628 accessionem
854 587 957 631 aucae
976 568 1111 634 ulucutur
1129 573 1174 646 αι’,

129 681 286 755 cumpost
300 666 373 731 alia«
386 688 467 752 qnae
487 669 553 729 iam
573 663 706 729 inducta
728 676 813 745 sunt,
836 665 903 729 alia
921 661 1082 752 quaedam
1100 667 1173 730 indn-

48 828 50 833 .
130 785 255 836 cuntur.
296 767 427 852 Ioseph.
438 766 514 830 Ant.
525 770 577 843 11,
593 767 624 826 6.
640 771 670 828 3.
693 761 751 825 nbi
767 767 863 829 amici
877 768 965 850 regis
981 767 1173 846 Artaxerxis,

118 873 172 938 -ob
190 891 328 935 uxorem
341 869 505 931 dimissam
520 865 710 944 contristati,
733 866 764 927 ei
775 865 811 929 id
833 866 961 931 consilii
984 870 1127 950 dant'nt
1140 871 1174 932 ex

130 986 198 1037 toto
211 992 312 1055 regno
326 968 489 1052 virginum
506 966 761 1050 conquisitarurn
774 988 871 1032 unam
892 967 956 1031 sibi
978 969 1015 1030 in
1031 971 1172 1032 matrina

130 1075 219 1137 nium
233 1068 346 1154 eligat:
369 1066 582 1150 σβέννυσθαι
596 1065 661 1150 γαρ
676 1063 715 1130 τό
733 1063 818 1149 πρὸς
830 1066 893 1146 τήν
907 1067 1078 1151 προτέραν
1093 1065 1172 1152 φιλό-

131 1191 278 1258 στοργον
298 1164 409 1253 ἑτέρας
430 1165 651 1256 ἐπεισαγωγῇ,
673 1166 732 1230 καὶ
752 1165 792 1231 τὸ
815 1167 896 1251 πρός
917 1165 1048 1250 ἐκείνην
1069 1167 1173 1247 εἰίνοον,

130 1266 389 1353 ἀποσπώμενον,
421 1264 510 1329 κατοὶ
530 1265 652 1350 μικρὸν
675 1262 835 1348 γίνεσθαι
855 1267 913 1344 τῆς
934 1267 1095 1349 συνούσης
1111 1287 1172 1333 auca

35 1429 40 1439 .
131 1375 318 1440 introducta
343 1369 390 1454 (in
410 1364 609 1450 thalamum),
632 1366 727 1445 fere,
749 1375 786 1430 ut
801 1373 927 1453 peterit
944 1376 1063 1434 utcurr’e
1080 1375 1170 1434 ιιοεοι

131 1479 349 1555 extinguatur
370 1469 531 1552 cupiditas
543 1479 586 1532 *et
608 1454 838 1546 beniuolentia,
858 1469 910 1532 illi
924 1472 1101 1553 paullulum
1118 1467 1170 1533 uul-

130 1584 261 1652 tructu‚
282 1578 317 1636 ιά
338 1575 441 1654 areum
461 1577 630 1654 trauseat,
654 1589 736 1653 quae
757 1590 825 1633 cum
845 1589 883 1631 ee
903 1568 1097 1635 certabitur.
1132 1566 1169 1630 lle

131 1680 199 1741 loce
208 1693 273 1759 per
288 1691 377 1756 quem
392 1673 662 1752 interrumperent,
685 1667 805 1752 legitur
825 1668 909 1753 apud
926 1667 1074 1752 Thucyd.
1092 1675 1118 1749 8,
1132 1674 1169 1733 92.

129 1775 241 1860 τεῖχος
255 1771 315 1835 καὶ
326 1764 468 1841 πυλίδας
482 1765 557 1852 ἕχον
568 1769 630 1849 καὶ
641 1762 804 1848 εἰσόδους,
814 1770 873 1834 καί
885 1763 1116 1855 ε’πεισαγωγοὶξ
1125 1769 1170 1833 τῶν

129 1854 306 1957 πολεμίων.
349 1866 505 1952 Urgenda
528 1879 578 1930 est
600 1880 708 1933 autem
728 1868 760 1931 h.
778 1867 801 1932 l.
824 1871 875 1931 vis
899 1871 993 1932 vocis
1014 1869 1169 1952 ἐπειοογο

49 1963 52 1970 ’
128 1972 183 2059 γή.
224 1971 296 2036 Hac
319 1990 400 2032 voce
423 1989 502 2032 usus
527 1978 578 2030 est
600 1981 725 2048 noster,
748 1989 814 2032 non
838 1967 996 2033 vocabulo
1016 1964 1169 2054 είσαγογί,

129 2073 353 2155 concinnitatis
374 2091 503 2148 caussa,
528 2071 603 2154 quia
622 2073 801 2154 praecessit
825 2065 1043 2156 προάγουσα
1066 2061 1169 2143 ἐντολή.

128 2175 243 2240 Sermo
258 2172 344 2236 enim
357 2180 407 2232 est
421 2169 460 2231 dc
476 2167 635 2253 religione
651 2168 835 2251 christiana,
855 2181 934 2253 post
948 2168 1058 2253 legem
1070 2167 1167 2257 Mosai-
1197 2206 1201 2219 ·

22 2296 24 2303 ’
128 2297 199 2338 canr
221 2271 414 2351 introducta.
460 2267 666 2354 Praepdsitio
689 2283 796 2335 autem
823 2269 880 2331 ἐπὶ
903 2272 1000 2332 etiam
1024 2271 1061 2332 in
1082 2267 1167 2334 verbis

118 2375 335 2458 composita,
356 2390 426 2432 rem
448 2374 537 2432 notat
558 2370 762 2453 postmodum
783 2371 911 2451 factam,
925 2424 928 2428 .
942 2381 975 2432 et
998 2370 1086 2435 idem
1103 2368 1168 2434 valet

129 2472 215 2559 quod
228 2469 315 2555 μἐτοὶ
328 2492 360 2533 v.
375 2477 427 2534 28.
457 2469 572 2552 Polyb.
598 2476 626 2548 1,
650 2474 702 2533 50.
725 2469 899 2534 ἐπιπλέειν
914 2473 1098 2556 'navigando
1113 2466 1167 2533 sut

129 2575 223 2658 sequi
234 2593 266 2634 v.
286 2571 419 2652 Wgerur
434 2593 467 2655 p.
483 2578 555 2635 621.
572 2575 643 2633 623.
669 2568 761 2644 ἐλπὶς
786 2569 914 2655 Capella
930 2581 962 2632 et
974 2572 1167 2636 Receumttlle·

128 2693 166 2738 ru
179 2671 212 2736 h.
226 2670 249 2733 l.
265 2670 380 2747 dicitnr
397 2670 546 2734 Christus
559 2677 623 2733 nt1
643 2669 728 2733 Tim.
745 2677 815 2752 1,1.
841 2668 912 2733 Col.
929 2678 959 2750 1,
974 2677 1026 2735 27.
1049 2672 1113 2736 Alii
1123 2672 1169 2734 hnc

54 2854 57 2859 .
127 2770 289 2838 uocabulo
304 2770 579 2856 indicaripntant:
602 2791 692 2855 spem
714 2769 831 2850 'salutis
852 2771 1095 2854 perChristum
1112 2793 1168 2858 par·

128 2887 195 2938 tam
212 2895 245 2935 v.
258 2876 290 2952 6,
308 2877 357 2933 11.
374 2876 424 2933 18.
472 2870 537 2933 Sed
553 2871 646 2946 ἐλπὶς
662 2870 835 2955 opponitur
851 2871 967 2961 ἐντολῇ
984 2893 1015 2934 u.
1035 2880 1085 2956 18.
1106 2867 1172 2959 quod

127 2972 542 3055 uocabulunrconrmutatur
555 2994 587 3035 v.
605 2980 655 3038 19.
679 2993 750 3034 cum
764 2971 922 3035 vocabulo
942 2969 1058 3057 νόμος,
1080 2986 1109 3037 et
1124 2989 1169 3056 pro

40 3129 43 3134 .
126 3070 287 3159 κρείττων
299 3071 396 3145 ἐλπὶς
408 3070 493 3132 infra
506 3091 537 3131 v.
552 3080 605 3137 22.
626 3073 745 3156 legitur
760 3068 918 3158 κρείττων
937 3071 1133 3153 trallunt,
1144 3075 1169 3133 6.

126 3170 288 3256 κρείττων
299 3167 465 3251 διαθήκη,
486 3161 561 3249 ἥτις
574 3171 630 3236 ἐπὶ
652 3171 840 3258 κρείττοσιν
860 3169 1075 3254 ἐπαγγελίαις
1093 3193 1169 3240 νενο-

75 3314 77 3321 ι
125 3269 329 3356 μοθέτηται.
369 3269 549 3354 Insignitur
564 3294 642 3357 ergo
658 3295 740 3336 voce
751 3270 846 3346 ἐλπὶς
858 3274 974 3353 religio
998 3275 1166 3359 ολνίιῑιοοο,
1199 3355 1201 3362 4

126 3374 162 3435 in
178 3369 286 3433 locum
300 3369 386 3454 legis
403 3373 587 3458 antiquatae
604 3371 787 3464 substituta,
811 3395 892 3460 qnae
906 3374 952 3434 ita
964 3371 1091 3458 dicitur,
1109 3374 1168 3461 quia

84 3526 90 3541 2
127 3491 219 3555 spem
232 3468 369 3554 praebet
383 3473 596 3543 certissimam
610 3473 725 3535 veniae
744 3485 949 3557 peccatorum
970 3486 1003 3536 et
1021 3473 1165 3540 felicitatis

124 3572 291 3656 perennis.
342 3567 412 3634 Alii
431 3581 507 3655 post
524 3567 659 3647 ἐλπίδος
682 3581 831 3656 τορευταί
851 3573 1026 3639 ἐτελείωσε
1041 3572 1164 3657 ἡμᾶςοΐ

125 3663 332 3755 ἐπεισαγωγὴ
349 3671 491 3753 positum
506 3673 667 3756 accipiunt
679 3695 739 3757 pro
754 3658 995 3760 ἐπεισαχθεῖσα
1012 3674 1066 3738 vel
1082 3674 1161 3744 ἔπεις’

5 3801 27 3813 ··
87 3792 90 3797 ¹
122 3770 271 3854 αγομὲνη
297 3779 392 3855 atque
413 3770 515 3835 verba
536 3771 745 3855 ἐπεισαγωγὴ
769 3775 805 3839 δὲ
830 3782 879 3862 κρ.
907 3774 980 3840 ἐλπ.
1004 3770 1160 3863 copulanda
1197 3816 1201 3891 l

122 3891 194 3953 cnm
210 3867 320 3932 verbis
339 3868 436 3938 οὐδὲν
454 3869 519 3956 γοίρ
535 3870 724 3938 ἐτελείωσεν
742 3872 761 3938 ὁ
776 3873 889 3960 νόμος,
911 3889 945 3939 et
965 3880 1013 3942 ita
1028 3871 1161 3963 capienda
1199 3894 1201 3947 :

122 3991 196 4035 esse
210 3981 342 4034 monent
355 3994 392 4035 ac
406 3974 435 4036 si
451 3971 628 4057 legeretur:
653 3969 671 4037 ὁ
690 3972 756 4059 γοὶρ
772 3973 874 4059 νόμος
890 3976 1015 4044 οὐδένα
1035 3973 1160 4043 tutela
1199 3968 1201 3975 ¹

120 4089 190 4145 eeu,
211 4068 304 4134 α’λλοί
322 4070 417 4147 ἐλπὶς
437 4070 596 4156 κρείττων
623 4071 738 4140 ἔπειτα
759 4072 983 4161 είσαγομὲνη,
1011 4091 1048 4142 ut
1067 4089 1161 4143 senat

6 4164 8 4169 ’
120 4171 176 4236 ait:
197 4168 279 4238 nihil
295 4171 381 4238 enim
393 4172 492 4260 (quod
503 4175 732 4260 praestandum
747 4179 828 4266 erat)
845 4179 905 4244 lex
914 4180 1094 4266 praestitit,
1119 4169 1163 4244 sel
