2632 4740
353 248 357 255 Ι
453 293 737 373 ΟιιοΤΧΙΙ.
772 305 894 373 v..11
1071 268 1078 277 ’
1132 309 1204 377 ιιι

133 462 268 526 cudetur
279 457 656 547 Ar1stotelesap.Diog.
673 461 787 527 Latrt.
803 466 834 543 5,
851 467 948 527 1.18.
969 481 1002 546 p
1017 467 1092 530 477
1114 463 1202 532 Ιιοιι-

133 567 204 646 gol.
194 558 279 638 .τῆς
293 558 498 642 παιδιίας,”
480 586 560 650 εφη,
581 557 643 638 τοὶς
664 565 703 646 μ
705 585 724 629 ν
743 549 895 651 ῥίζας
860 583 948 627 ιιοαι
967 563 1107 651 πικράς,
1120 566 1199 648 ylo-

136 662 262 736 κιῖςὸὲ
279 659 526 780 toicxapaoic.
555 659 620 727 Iac.
638 669 668 744 1,
685 669 715 726 2.
737 664 851 728 πᾶσαν
865 659 981 748 papeia
999 661 1197 746 ἡγήσασθε,

133 758 221 830 ὅταν
246 764 441 845 πειρασμοῖς
462 761 659 847 περιπέσητε
680 760 847 838 ποικίλοις.
881 761 1072 829 Bereschith
1094 765 1197 832 rabba

101 873 215 927 useel.
231 868 261 927 9.
278 861 336 926 tol.
356 867 407 927 10.
423 867 453 925 1.
476 874 508 924 et
529 883 604 927 ecce
630 862 726 928 valde
749 863 852 930 bona:
873 866 1101 947 intelligendae
1120 879 1195 934 suot

133 970 365 1045 castigationes
387 964 524 1027 diuinae.
569 963 637 1029 ott.
678 965 734 1031 Aa
759 985 840 1031 uero
870 967 948 1031 tilae
965 973 1195 1049 castigationes
1222 996 1224 1000 ¹

132 1068 193 1131 oui
179 1067 231 1129 lete
244 1063 345 1128 boaae
357 1065 455 1148 suat?
477 1062 576 1148 Rerp.
592 1071 722 1150 atique:
733 1086 798 1153 per
816 1086 874 1130 eas
894 1072 976 1130 emim
995 1073 1125 1132 oeaiaat
1137 1068 1193 1134 lto·

130 1175 233 1231 mtace
249 1168 294 1231 ad
306 1162 618 1240 mundamfataram.
659 1163 711 1231 Et
729 1173 776 1231 ιιό
799 1165 948 1233 Salomon
971 1189 1094 1254 qaoque
1114 1171 1192 1236 dtctt

128 1269 230 1333 Prov.
250 1269 282 1346 6,
303 1269 355 1328 23.
378 1274 411 1327 ct
430 1250 483 1327 via
504 1266 589 1329 vitae
603 1276 677 1328 sunt
690 1266 960 1351 exprobrationes
986 1264 1187 1351 disciplinae.

129 1369 230 1436 Dicit
254 1367 296 1431 R.
319 1363 461 1431 Haaaa:
491 1371 568 1428 oeae·
591 1375 626 1431 ct
644 1367 725 1431 cide.
772 1367 935 1444 Quaenam
957 1374 1017 1433 oia
1043 1380 1109 1450 at,
1125 1389 1192 1454 per

129 1491 228 1558 quam
249 1467 387 1531 domines
402 1469 516 1528 oemire
528 1472 675 1580 poscant.
719 1462 830 1531 Verba
848 1467 947 1532 πᾶσα
969 1467 1106 1534 παιδεία
1126 1489 1191 1533 non

128 1566 330 1654 explicanda
359 1573 433 1627 sunt
459 1563 499 1625 de
527 1565 743 1649 cuiuscunque
766 1569 874 1686 patris·
897 1556 1088 1652 disciplina,
1114 1567 1190 1632 huic

128 1673 219 1736 enim
232 1664 672 1751 explicatiouipdversantur
688 1687 747 1744 ea,
759 1689 842 1755 quae
863 1669 900 1731 in
918 1664 1022 1731 altera
1043 1667 1138 1731 huius
1155 1688 1188 1730 v.
1287 1680 1303 1728 ’.

125 1781 224 1858 parte
247 1766 411 1852 leguntur,
434 1762 608 1831 obstant
579 1786 612 1827 er
633 1769 747 1849 etium,
763 1791 853 1854 -quae
870 1787 902 1832 v.
926 1773 977 1832 10.
1000 1767 1039 1830 de
1061 1777 1189 1853 patrum
1304 1782 1310 1789 ’

126 1866 325 1937 naturalium
344 1863 514 1950 disciplina
537 1863 675 1948 dixerat,
697 1888 755 1930 eos
779 1868 930 1934 nimirum
957 1865 1044 1932 filios
1077 1867 1188 1930 durius
1292 1874 1293 1881 ’

124 1981 270 2036 tractare
295 1962 385 2029 ααιοί
404 1963 443 2029 τό
471 1965 590 2030 δοκοῦν
611 1963 725 2042 αὐτοῖς
731 2014 743 2047 ,
766 1965 825 2030 sed
844 1988 950 2031 sermo
977 1978 1026 2037 est
1048 1966 1080 2030 h.
1101 1965 1124 2031 l.
1147 1966 1188 2030 de

126 2071 199 2138 Dei
222 2064 403 2151 disciplina,
424 2076 460 2127 ut
481 2063 581 2128 verba
603 2080 734 2131 sonentt
756 2070 864 2135 omnia
883 2064 970 2133 mala
991 2088 1073 2151 quae
1094 2064 1187 2129 Deus
1255 2114 1258 2121 .

125 2171 289 2247 immittit,
321 2184 529 2252 quaecunque
548 2163 607 2228 illa
627 2167 693 2230 sint
713 2187 745 2231 v.
770 2174 820 2245 10,
838 2175 880 2234 32
895 2189 949 2251 sq.
978 2164 1053 2233 coll.
1080 2172 1130 2245 12,
1153 2173 1186 2229 4.

120 2269 233 2359 χαρᾶς
257 2277 307 2329 est
326 2267 488 2350 genitivus
507 2265 562 2349 qui
582 2263 699 2328 dicitur
719 2266 886 2351 qualitatis
909 2267 975 2333 vid.
998 2265 1185 2344 notatio,

125 2379 182 2441 39.
206 2364 393 2454 ὕστερονδὲ
411 2363 539 2450 καρπὸν
556 2385 724 2450 scammum
739 2387 768 2429 κ
783 2367 873 2452 mm]
892 2370 1025 2434 tamdem
1037 2385 1112 2431 oero
1134 2372 1185 2446 iis,

125 2481 187 2563 qai
194 2491 259 2559 per
273 2488 343 2534 eam
358 2470 541 2531 caereitate
549 2476 623 2529 scat
640 2466 881 2533 saluberrimum
888 2466 1026 2554 praebet
1038 2464 1183 2551 prodita·
1202 2553 1204 2557 y

123 2583 172 2641 tto
187 2571 349 2650 fructum.
398 2563 561 2650 vulgatus
581 2567 759 2651 interpres3
781 2577 902 2653 postea
932 2586 1009 2633 octo
1031 2560 1184 2645 fractam

118 2677 366 2765 pacatissimam
379 2674 575 2733 exercitatis
584 2687 649 2752 per
661 2687 729 2731 eam
741 2668 857 2732 reddet
870 2674 1024 2733 iustitiae.
1045 2658 1184 2749 ὕστερον

115 2785 253 2865 postea,
273 2772 413 2848 tamdem,
425 2764 661 2849 calamitatibus
674 2765 815 2830 feliciter
828 2778 861 2832 et
872 2769 998 2846 fortiter
1010 2767 1192 2851 superatis,-

123 2870 313 2963 posthanc
314 2870 423 2933 vitam.
444 2863 747 2952 eipautxdcproprie
771 2879 821 2932 est
838 2867 1010 2952 pacificas,
1032 2866 1090 2929 sed
1110 2865 1142 2928 h
1159 2863 1182 2927 l.

123 2979 295 3052 salutarie,
317 2990 380 3056 quo
405 2965 587 3051 significatu
612 2965 695 3031 alias
716 2988 782 3031 non
802 2962 932 3050 legitur,
955 2965 1013 3030 sed
1035 2965 1163 3029 hanc
1137 2986 1183 3028 sr-

122 3073 367 3163 gnificationem
391 3077 561 3132 contextus
592 3087 657 3130 non
685 3078 750 3131 tam
779 3064 921 3149 postulat
948 3086 1043 3152 quam
1073 3067 1181 3150 potius

122 3177 268 3260 flagitem
291 3182 323 3234 et
336 3167 439 3233 Hebr.
456 3161 539 3234 nibai
555 3187 642 3251 poa,
664 3187 760 3251 quam
773 3165 1180 3247 saepissimefclicitatem,

111 3278 190 3358 fel
177 3294 254 3339 eccm
267 3274 401 3336 alicuius
416 3290 466 3333 ιιι
462 3275 538 3333 'aut
546 3287 708 3351 personae
721 3262 840 3330 statam
852 3265 985 3347 indicat,
1007 3277 1042 3328 ut
1054 3272 1075 3330 2
1091 3265 1179 3329 Sam.

125 3372 181 3453 1'1,
194 3378 226 3437 ⁷.
247 3369 304 3434 ubi
319 3392 352 3435 οι
342 3364 567 3444 ‘o'svocab'ulo
590 3360 705 3450 ιιρήνη
725 3364 777 3427 usi
798 3376 882 3429 sunt.
905 3361 1102 3445 donatoriam
1123 3365 1179 3428 de·

123 3484 219 3540 notat
244 3490 362 3536 moram
382 3475 539 3553 animique
556 3464 769 3552 probitatem,
789 3470 878 3531 ottae
901 3473 1127 3545 sanctitatem,
1146 3475 1180 3526 et
1294 3456 1296 3460 ’

125 3570 383 3655 coniungendam
404 3579 453 3631 est
474 3565 534 3630 lroc
548 3562 740 3629 vocabulum
762 3586 834 3630 oum
856 3565 967 3630 verbis
990 3562 1120 3648 καρπὸν
1133 3557 1181 3628 εἰ·

123 3668 269 3761 ρηνικόι.
287 3668 351 3735 Sed
361 3670 395 3730 in
405 3667 668 3750 interpretatione
680 3664 974 3730 horumverborum
984 3667 1019 3728 in
1032 3665 1193 3728 diversas¹

122 3782 237 3861 partes
263 3773 456 3852 interpretes
484 3765 612 3831 abeunt.
654 3762 828 3846 Nonnulli,
858 3768 892 3830 in
917 3765 969 3835 his
998 3763 1178 3841 Bolteaiac,

122 3871 354 3948 Eckcrmattuo,
374 3870 479 3953 ipsam
500 3862 715 3945 δικαιοσύνην
728 3862 767 3928 'ln
791 3865 815 3930 1.
831 3865 983 3943 fractam
1005 3867 1180 3930 salutarem

122 3965 284 4044 παιδείας
315 3967 433 4032 dictam
464 3987 538 4033 esse
577 3965 780 4030 contendunt.
839 3964 944 4043 Quum
977 3963 1179 4042 sententiam,

124 4074 227 4140 etiam
249 4092 270 4133 a
289 4058 489 4133 Ltatorctto
513 4064 659 4146 allatam,
695 4065 842 4132 Biltmiac
868 4066 959 4130 hisce
985 4063 1181 4149 argumentis

123 4169 288 4237 defendit:
312 4169 343 4252 1)
359 4163 497 4233 παιδεία
527 4178 579 4232 ιιι
605 4163 785 4233 subiectum
807 4169 989 4260 orationis,
1007 4176 1040 4228 et
1060 4184 1115 4231 res
1141 4185 1182 4227 ea
