2604 4746
278 307 681 378 PROLEGOMENA.
711 310 798 379 Cae.
820 306 885 375 lv.
1018 324 1111 371 xxiv

10 526 12 535 »
83 485 239 564 deperditam.
279 484 327 542 Ad
346 481 590 560 conprehendam
612 501 696 541 suam
715 482 893 541 sententiam
913 500 949 538 eo
960 488 1111 556 provocat,
1180 492 1183 497 ·

78 590 136 666 prod
148 588 268 663 scriptio
284 595 382 644 careat
392 577 599 659 &appernisti
614 585 680 641 loco
694 585 844 640 communi
856 583 988 657 incipiat.
1030 579 1111 637 llaec

74 709 127 748 sero
146 683 279 765 Bergers'
306 686 404 758 opinio
429 683 518 742 facilc
540 693 636 759 potest
659 685 801 742 vanitatis
822 682 970 741 convinci.
1013 675 1112 736 Primo

70 793 131 848 ιιίιιι
145 808 180 846 es
192 790 278 846 nullo
295 795 428 843 veterum
444 785 610 842 testimonio
627 786 744 856 nititur,
757 802 866 841 *omnes
881 781 957 840 hanc
974 780 1112 856 scriptio·

69 911 119 950 rem
129 891 286 966 epistolam
300 887 464 942 nominant.
508 881 623 940 Deinde
638 902 698 942 non
715 886 902 960 perspicitur,
923 882 1026 959 quidni
1047 880 1112 955 epi·

66 992 125 1047 stola
137 991 180 1046 ita
195 986 347 1045 conscribi
363 986 466 1060 possit,
480 993 514 1041 ut
528 1002 637 1062 genera
651 983 767 1042 dicendi
779 986 908 1042 orationi
922 984 1047 1039 similior
1063 981 1112 1038 sit.

63 1089 139 1148 Porro
163 1088 278 1146 exinde
300 1086 378 1163 quod
397 1085 519 1160 epistola
535 1093 635 1141 careat
650 1081 802 1162 ἐπιγραφῇ,
825 1083 899 1141 nihil
913 1081 988 1139 ellici
1002 1090 1113 1156 potest,

61 1206 111 1248 tam
131 1201 164 1248 et
186 1188 331 1248 Iohannis
345 1185 469 1262 epistola
484 1186 579 1260 prima
592 1186 783 1262 inscriptione
797 1185 938 1242 destituta
955 1184 1006 1253 sit,
1028 1198 1113 1259 quam
1146 1168 1150 1173 ¹

60 1298 142 1348 amen
157 1293 227 1368 quis
243 1306 307 1347 non
323 1285 475 1361 epistolam
488 1282 662 1364 agnoverit?
685 1297 715 1344 et
725 1295 836 1358 noster,
857 1294 890 1341 ut
905 1285 1033 1340 scienter
1047 1282 1115 1339 ani·

59 1387 205 1447 madvertit
227 1381 374 1446 Belmina
392 1381 489 1446 Praei.
510 1406 537 1462 p.
561 1388 612 1446 10.
634 1389 718 1445 cuius
739 1385 837 1444 serbis
858 1394 938 1456 utor,
960 1381 1114 1460 „quisquis

59 1488 163 1546 demum
184 1489 239 1544 ille
259 1486 369 1559 suerit,
391 1505 457 1544 cunr
475 1486 603 1545 Iohanni
617 1490 722 1546 similis
736 1486 888 1557 hactenus,
906 1483 1044 1562 agrandi
1061 1500 1116 1538 ex·

59 1589 142 1662 ordio,
164 1606 222 1664 quo
242 1586 389 1646 lectorum
401 1589 501 1645 statim
519 1598 674 1664 occuparet
687 1590 810 1660 animos,
830 1587 966 1644 videatur
986 1585 1115 1643 voluisse

59 1691 191 1765 irripere,
213 1689 326 1744 mirum
348 1705 419 1745 sane
441 1690 612 1764 neutiquam
630 1687 701 1745 lecit
720 1690 859 1746 omittens
873 1688 1013 1763 epistolae
1028 1701 1115 1759 prac-

61 1789 313 1869 significationem,
335 1789 478 1862 siquidem
499 1790 544 1846 illi
562 1806 601 1845 cx
625 1789 720 1847 literis
743 1792 807 1866 ipsa
825 1790 954 1846 auctoris
969 1787 1027 1843 sibi
1040 1785 1114 1843 satis

62 1902 118 1947 acta
132 1904 227 1947 manu
252 1889 393 1956 exaratis,
414 1907 431 1945 a
451 1906 508 1964 quo
529 1898 629 1947 essent
648 1889 703 1948 hae
723 1893 838 1963 missae,
860 1896 965 1965 sponte
983 1905 1018 1943 ae
1033 1885 1116 1943 nullo

59 1991 105 2046 tali
118 1993 209 2069 signo
224 1987 387 2046 accedente
402 1989 624 2065 intelligerent“
648 1983 723 2070 [vid.
740 2009 829 2067 supra
853 1998 918 2048 not.
933 1989 1073 2065 Prolegg.
1087 2004 1114 2043 a.

68 2089 122 2163 hi.
138 2095 169 2150 4.
189 2110 224 2147 n.
242 2083 301 2168 2.].
343 2087 479 2166 Denique
501 2086 599 2145 verbis
623 2091 674 2162 13,
688 2092 740 2149 22.
763 2086 809 2146 διὰ
829 2090 955 2164 βραχέων
978 2086 1118 2143 ἐπέστειλα

73 2182 116 2260 ips
125 2188 221 2271 (quod
237 2190 359 2248 verbum
373 2191 511 2245 ἐπέστειλα
524 2188 560 2245 de
577 2190 701 2264 epistola
716 2193 838 2248 solenne
852 2183 924 2266 est),
945 2189 1118 2265 neutiquam

77 2291 255 2368 significatur,
288 2290 417 2347 additam
436 2289 528 2347 firisss
548 2288 584 2346 ab
607 2292 749 2348 orationis
770 2292 912 2366 scriptore
934 2288 1118 2368 singularem

72 2393 201 2466 epitolam
218 2391 343 2448 brevem
362 2389 423 2449 vid.
435 2399 500 2450 not.
516 2387 591 2448 adl.
607 2391 630 2450 l.
651 2389 828 2452 Rectissime
842 2392 939 2472 igitar
954 2389 1027 2448 haec
1041 2389 1118 2447 scri·

64 2494 111 2569 ptis
120 2493 250 2570 epistola
263 2490 397 2549 diciturs

131 2591 304 2650 Consilium
324 2592 441 2676 auctori
459 2591 491 2650 in
506 2593 632 2670 epistola
642 2591 852 2651 conscribenda
866 2594 1048 2670 propositum
1061 2592 1119 2650 fuit

60 2690 115 2767 hae,
136 2703 171 2756 ut
181 2692 361 2766 lectoribus,
372 2691 553 2765 ,christmnis
569 2690 701 2752 iudaicae
716 2697 826 2773 gentis,
845 2694 1023 2772 religionem
1038 2691 1118 2750 chri·
1197 2712 1200 2721 ·

58 2796 174 2853 stianam
186 2792 421 2852 commendaret.
448 2791 697 2857 ¹offendebantur
707 2797 752 2851 illi
768 2797 902 2872 inprimis
917 2795 949 2850 in
970 2811 1017 2866 eo,
1040 2791 1119 2868 quad

57 2914 132 2953 suam
149 2894 333 2973 religionem
355 2912 467 2976 carere
479 2894 617 2953 videbant
640 2895 869 2953 cerimoniarum
889 2904 1042 2970 apparatu,
1065 2895 1118 2970 qui

54 2996 248 3076 irreligione
263 2991 396 3052 Massica
407 2994 505 3052 locum
518 2993 653 3069 hahebat,
667 3005 697 3052 et
712 2994 869 3051 sacerdotii
883 2994 1008 3051 Levitici
1021 2995 1119 3069 splen·

55 3096 132 3170 dore,
153 3096 294 3170 adeoque
305 3094 467 3159 verendum
482 3104 555 3168 erat,
578 3114 647 3153 nca
665 3095 812 3173 religione
836 3092 997 3152 christiana
1024 3093 1120 3151 desei·

56 3209 183 3270 scatent,
206 3204 239 3252 et
254 3194 294 3250 ad
304 3193 430 3269 pristina
448 3212 533 3253 sacra
544 3196 687 3253 redirent.
730 3195 828 3261 Quare
843 3195 982 3270 epistolae
995 3196 1121 3269 scriptor

55 3299 196 3356 lectorum
208 3295 329 3351 animos
342 3292 476 3356 labantes
489 3304 642 3352 erecturus
657 3306 688 3352 et
706 3296 932 3354 confirmaturus
952 3314 1122 3371 comparare

58 3401 185 3457 instituit
211 3394 392 3472 religionem
416 3390 611 3454 christianam
626 3415 693 3455 cum
713 3397 851 3474 ludaimr,
873 3399 933 3472 its,
954 3407 1000 3456 ut.
1013 3398 1050 3455 ad
1072 3400 1121 3456 in·

10 3524 12 3567 ;
59 3502 182 3588 genium·
202 3505 235 3554 et
263 3494 417 3570 opiniones
443 3514 544 3555 corum
564 3493 828 3579 accommodatei)
857 3500 978 3557 uberius
999 3498 1121 3559 demon·

58 3635 502 3663 ,,,,,......-..-..

118 3699 145 3763 ’)
161 3700 219 3748 vid.
232 3696 401 3746 Grieshaehs's'
408 3697 479 3744 Diss.
489 3699 521 3748 dc
531 3699 689 3761 imaginihus
704 3701 824 3765 Iudaicis,
836 3701 928 3762 quihus
939 3702 1029 3747 auctor
1037 3713 1077 3759 ep.
1089 3701 1120 3749 ad

63 3783 1120 3844 liciniadescribendshiessiaeprovinciaususest,inseriaCommentati.theoll.

64 3869 386 3931 srelshmno‚llupersso
397 3874 424 3918 et
436 3883 487 3931 me,
498 3868 575 3916 aditis
584 3870 643 3916 Vol.
655 3872 679 3916 2.
691 3885 716 3930 p.
726 3872 775 3917 321
786 3884 823 3928 sq.
836 3875 862 3919 et
873 3869 1042 3919 Grs'esiacln'i
1051 3872 1122 3931 Opu-

10 3978 12 4011 ι
64 3959 134 4005 walis
144 3955 241 4005 Acadd.
249 3953 311 4000 vol.
323 3955 347 4002 2.
357 3969 382 4014 p.
392 3956 452 4001 426.
463 3954 505 4000 De
515 3955 601 4002 Wette
611 3956 652 4002 sib.
663 3955 703 4003 die
713 3956 865 4018 symbolisch
876 3953 994 4017 tppische
1003 3953 1121 4004 Lehrart

67 4042 102 4092 iss
114 4043 205 4107 Briefs
221 4040 311 4087 audie
326 4038 448 4086 neuras
462 4039 486 4085 d.
503 4039 580 4088 theol.
597 4040 759 4106 Zeitselsrs’fl,
775 4056 825 4089 eos
841 4040 1075 4104 Seluesermaeloer,
1089 4043 1120 4089 ‹ls

10 4120 14 4177 l
72 4126 144 4174 liette
151 4123 377 4188 ades’s'clceHest
385 4123 409 4170 3.
420 4122 509 4170 Berlin
522 4124 595 4170 1822.
612 4124 749 4174 Ws’uzcras
760 4125 791 4173 de
802 4125 946 4173 sacerdotis
957 4125 1042 4173 officio
1053 4127 1120 4184 quod

73 4212 157 4260 ttrisso
169 4209 300 4260 tribuitur
309 4207 340 4256 in
350 4221 391 4268 ep.
402 4208 435 4256 ad
444 4207 538 4257 liebrr.
549 4208 732 4258 commentati.
744 4215 805 4258 tres.
816 4211 886 4269 Lips.
896 4210 1051 4258 1825.1826.
1062 4213 1086 4256 4.

824 4316 840 4352 ο
854 4292 871 4334 ¹l¹
