2604 4746
376 368 381 375 -
404 313 582 391 θον-ον
605 312 688 393 xl..
714 334 753 391 v.
782 321 840 391 17.
863 340 869 362 =·
1081 321 1155 391 tlt

95 478 256 564 silenum}
272 482 306 546 e't
327 470 468 568 perinde
484 475 577 564 esse,
599 482 671 546 sive
692 469 810 546 revera
831 471 1056 569 perpetretur,
1081 483 1157 546 slve
1190 518 1192 523 ·

95 570 418 667 mutamimperetur.
462 580 572 659 Quare
587 580 1157 680 Etcllorna'arinAllgemAEtblsbtlo

95 690 126 755 tl.
141 684 375 752 notuerat.
388 679 452 745 Th.
462 688 491 745 1.
506 705 539 768 p.
553 689 594 749 45
611 669 683 771 sqq.
697 703 834 770 quocum
845 684 1004 746 consentit
1012 681 1157 749 Diodor-¹

95 786 162 863 fior
178 785 220 850 ad
237 782 272 851 h.
288 781 313 848 l.
328 782 504 862 contendit,
521 781 637 848 Genl.
647 782 671 846 l.
686 785 851 848 continere
868 783 1087 847 narrationem
1103 803 1158 846 so·

95 880 1157 981 uruit,aequatamenaDeoipsoeffeat13abrahamumautempu-
1234 915 1237 923 ·

95 1000 196 1069 tasse,
213 987 373 1049 somnium
388 981 490 1047 aDeo
506 1003 580 1048 esse
594 985 784 1069 profectum,
802 996 834 1047 et
847 982 1013 1049 iussaDei
1028 981 1158 1049 efficere
1273 998 1280 1005 ·

95 1086 260 1167 voluisse,
271 1085 330 1149 sed
344 1085 479 1148 fortuita
493 1086 695 1169 apparitione
713 1087 836 1167 arietis,
854 1088 889 1149 in
906 1086 1062 1149 senticeto
1078 1083 1158 1148 hae-

95 1190 199 1253 rentis
210 1198 243 1250 et
251 1187 419 1271 strepitum
432 1186 604 1266 moventis,
614 1184 730 1270 inipso
743 1186 829 1250 facto
842 1185 1030 1271 impeditum
1042 1183 1157 1250 fuisse.
1172 1226 1177 1235 ·

95 1287 213 1375 Neque
230 1298 342 1351 contra
355 1285 439 1350 hanc
447 1288 744 1371 interpretationem
752 1287 877 1351 moneri
890 1306 1000 1372 posse,
1014 1285 1159 1351 animad-

95 1391 195 1455 vertit
209 1386 433 1466 Eiclltorns‘ur,
448 1385 534 1473 quod
548 1407 588 1449 ea
609 1386 762 1468 admissa,
776 1408 840 1451 non
855 1389 996 1471 potuerit
1009 1385 1158 1451 Abraha-

95 1508 168 1555 mns
181 1489 320 1574 proponi
335 1498 661 1572 tanquam-summum
674 1485 753 1551 fidei
769 1510 807 1551 ac
820 1489 951 1573 piatatis
964 1485 1159 1574 ergaDeom

95 1586 286 1674 exemplam
315 1609 390 1651 eum
406 1588 493 1650 enlm
509 1587 580 1650 sive
596 1582 754 1651 somnium
768 1586 849 1651 illud
864 1586 971 1653 Deum
993 1599 1159 1652 auctorem

95 1688 258 1768 babuerit,
280 1689 350 1752 sive
374 1685 581 1752 Abrahamus
604 1685 666 1751 hoc
690 1699 812 1752 tantum
834 1692 984 1775 opinatus
1006 1690 1065 1769 sit,
1087 1688 1158 1750 ani-

95 1808 184 1855 mum
197 1788 355 1875 probasse
370 1785 478 1851 Deum
493 1799 711 1869 venerantem,
734 1790 830 1876 eique
844 1787 1068 1853 confidentem.
1091 1786 1159 1851 Sed

95 1900 132 1954 ut
146 1889 212 1954 alia
225 1890 397 1971 atilianus,
421 1909 502 1974 quae
518 1898 628 1953 contra
643 1888 734 1976 hanc·
748 1888 983 1973 interpretandi
1001 1890 1160 1953 rationem

95 1991 224 2055 moneri
242 1990 385 2075 possint,
407 1989 441 2051 ei
464 1989 579 2070 etiam,
602 1999 635 2052 et
661 1990 808 2075 inprimis
830 1989 892 2055 boc
914 1988 1038 2073 obstat,
1061 1990 1159 2076 quod,

95 2086 236 2157 historia
267 2101 360 2170 teste,
382 2086 588 2153 Abrahamus
612 2091 733 2153 rectius
757 2091 797 2154 de
817 2086 892 2153 Deo
916 2093 1051 2178 eiusque
1071 2090 1161 2156 cultu

95 2189 273 2280 sentiebat,
296 2212 391 2275 quam
405 2190 510 2274 ipsius
525 2187 691 2274 aequales.
712 2187 890 2266 >Quomodo
906 2212 984 2277 ergo
1000 2192 1160 2255 somnium

95 2290 181 2356 tllud
194 2314 214 2355 a
229 2289 303 2355 Deo
319 2290 469 2354 effectum
485 2308 559 2353 esse
581 2289 714 2354 credere
734 2290 872 2374 poterat,
893 2293 946 2354 cui
968 2311 1160 2378 persuasum

95 2405 198 2474 esset,
229 2389 338 2455 Deum
352 2393 542 2453 innocentes
558 2410 623 2453 non
639 2390 798 2476 perderel
819 2410 852 2454 v.
867 2389 949 2454 Gen.
968 2397 1018 2473 18,
1036 2397 1088 2456 23.
1121 2390 1160 2457 Si

95 2494 259 2561 somnium
273 2489 332 2555 illo
347 2491 430 2555 Gen.
447 2488 520 2553 loco
538 2503 698 2572 narratur,
717 2491 803 2579 quod
815 2496 972 2580 perquam
986 2489 1158 2576 probabile

95 2606 151 2658 est
162 2615 196 2656 v.
211 2590 293 2656 Gen.
309 2595 362 2671 46,
380 2598 408 2655 1.
424 2597 455 2654 2.
469 2592 610 2654 narratio
623 2593 731 2676 potius
749 2594 795 2656 ita
810 2593 1006 2680 explicanda
1020 2593 1159 2656 videtur.

95 2692 278 2772 cananaei,
300 2694 384 2755 inter
399 2712 480 2777 quos
495 2688 699 2755 Abrahamus
711 2692 861 2779 degebat,
882 2692 1041 2774 homines,
1063 2706 1095 2757 et
1108 2696 1160 2756 in·
1253 2738 1256 2747 ·

95 2796 212 2878 primis
229 2794 369 2856 infantes
384 2790 552 2857 immolare
568 2790 727 2857 solebant.
769 2793 835 2859 Die
850 2785 998 2881 quodam,
1014 2792 1160 2857 Patriar·

95 2895 172 2974 oba,
194 2895 246 2959 cui
258 2914 448 2979 persuasum
464 2904 534 2955 erat
547 2891 671 2956 hostias
686 2892 843 2957 humanas
859 2892 933 2967 Deo
959 2890 1159 2956 abominabi-

95 2988 149 3061 les
167 3015 253 3073 esse,
270 2994 416 3057 audierat
431 2992 555 3056 vicinos
574 2991 635 3056 deo
651 2990 763 3057 litasse
778 2995 893 3057 hostiis
907 2992 1066 3057 humanis.
1108 2993 1159 3057 Ea

95 3116 185 3184 quae
199 3092 339 3179 vigilans
354 3095 522 3178 cogitarat,
544 3095 705 3157 somnium
718 3095 782 3179 ipsi
796 3096 841 3157 ita
853 3092 1009 3158 reddebat
1024 3105 1058 3156 ut
1074 3093 1157 3158 Gen.

96 3201 154 3262 22.
177 3194 329 3279 legimus,
351 3206 384 3256 et
395 3193 642 3277 persuasionem
661 3195 777 3279 ipsius,
799 3191 906 3259 Deum
930 3193 1090 3257 eiusmodi
1106 3215 1160 3258 sa·

96 3295 225 3361 crificia
239 3293 404 3371 detestari,
424 3295 567 3378 graviter
582 3290 804 3357 confirmabat.
826 3293 993 3358 Somnium
1008 3293 1161 3360 narrabat
1273 3368 1278 3377 ,

95 3395 300 3461 domesticis.
341 3392 492 3471 Narratio
508 3415 564 3457 ore
580 3404 771 3479 propagata,
786 3386 868 3482 q&
884 3395 1067 3460 insomniis
1084 3416 1162 3474 eve·

96 3507 230 3575 nerant,
250 3514 329 3558 vere
350 3496 500 3558 evenisse
520 3493 678 3575 tradebat,
702 3506 734 3557 et
755 3496 802 3557 ita
822 3490 927 3560 literis
946 3495 1160 3582 consignaba-

97 3608 166 3661 tor.
212 3593 376 3661 (irecense
392 3597 427 3657 iu
442 3593 666 3659 commentatt.
686 3593 901 3660 miscellanar.
926 3607 1084 3682 syntagm.
1101 3594 1161 3660 Ol·

98 3693 263 3780 dasburg.
281 3699 373 3759 1794.
394 3715 426 3779 p.
441 3700 493 3760 94.
522 3695 606 3759 hanc
630 3697 846 3762 narrationem
863 3719 923 3782 pro
945 3699 1068 3761 veteris
1089 3717 1160 3760 car·

97 3797 200 3862 minis
215 3791 372 3880 particula
397 3792 506 3875 habat,
529 3795 617 3881 quod
636 3798 795 3861 maiorum
815 3799 930 3882 gentis
942 3796 1162 3869 Israelitarum

97 3895 137 3961 in
157 3893 268 3959 Deum
286 3894 439 3977 pietatem
455 3893 663 3961 celebrasset.
693 3898 937 3983 προσενήνοχεν
959 3899 1073 3965 obtolit
1089 3900 1111 3961 i.
1129 3920 1160 3962 e.

99 3998 224 4062 offerre
237 3993 350 4058 voluit.
394 3995 532 4081 Saepius
549 4000 634 4060 enim
647 3997 748 4060 verba
762 3998 950 4084 simpliciter
970 4000 1017 4063 ita
1036 4019 1160 4084 ponun-

98 4110 167 4178 tur,
186 4108 226 4159 ut
239 4107 388 4160 conatum
402 4094 457 4159 vel
477 4095 676 4162 voluntatem
691 4099 831 4163 indicent
845 4097 979 4162 Homer.
996 4097 1097 4182 Odys.
1113 4095 1161 4181 π’,

95 4186 178 4266 432.
220 4192 351 4282 Ulyssis
370 4216 509 4262 uxorem
526 4197 640 4282 ambis,
660 4200 773 4268 παῖδα
791 4194 821 4265 τ’
833 4197 1046 4277 ἀποκτείνεις
1065 4209 1101 4266 ct
1111 4197 1162 4278 ,fi-
