2604 4746
327 114 331 121 “
382 96 552 174 Carus
577 99 648 174 vi.
682 121 721 175 v.
745 107 784 175 d.
812 104 847 174 5.
1079 109 1149 179 181

10 283 72 353 ομ
124 262 175 341 65.
188 257 345 350 γεύεσθαι
360 255 558 350 ἐλευθερίης.
575 261 689 348 Eurip.
702 262 786 331 Hec.
800 270 874 332 375.
898 257 990 344 ὅστις
1005 264 1072 355 γὰρ
1083 268 1146 337 οὐκ

10 388 75 444 520,
122 359 365 450 είνίεγείεσθοιι
375 359 498 429 κακῶν.
518 363 613 429 Piud.
629 363 742 429 Isthm.
758 372 788 446 1,
803 373 855 433 20.
878 363 1057 452 γευόμενοι,
1070 384 1146 434 ore·
1208 354 1217 369 ’

73 520 77 533 .
119 459 201 549 νάιον
217 460 419 552 νικαφόρων.
441 460 537 530 Philo
559 464 635 530 Lib.
657 464 698 528 de
721 486 824 529 somn.
839 488 871 550 p.
889 471 963 535 500.
980 467 1022 532 A.
1039 467 1144 559 ψυχαί

37 576 45 588 ·
71 605 78 643 ,
115 562 141 637 ί,
154 560 222 630 door
232 561 339 630 θείων
354 561 484 653 ἐρώτων
496 561 689 653 {perlucetis
713 576 751 631 at
764 587 832 646 οοι,
853 587 872 630 ο
890 576 1028 647 animae,
1050 579 1142 654 quot·

26 804 50 835 ..
69 784 71 789 ’
106 767 144 828 roi
159 765 246 834 ἴδετε
265 758 321 835 ὅτι
335 765 484 854 χρηστὸς
506 761 526 828 ὁ
552 762 677 850 κύριος,
698 764 756 830 uhi
774 766 916 830 intexto
929 766 1033 832 Hehr.
1048 779 1141 833 extat

101 863 209 932 rcrhum
232 875 312 934 1536.
333 865 409 931 add.
432 864 548 930 1Petr.
568 871 599 946 3,
612 870 643 929 2.
671 864 741 930 Cio.
760 887 821 951 pro
837 865 960 935 Archia
973 872 1005 933 7.
1028 870 1144 955 quodsi

10 986 57 1040 our
92 967 341 1052 psloecscpuc
353 972 528 1048 attingere,
549 985 652 1050 neque
669 986 764 1032 sensu
778 977 890 1033 uestro
910 979 1048 1049 gustare
1059 989 1139 1057 pos·

27 1072 35 1093 ¹
87 1089 183 1134 ιιιινι.
206 1067 249 1133 cl.
264 1067 445 1151 Brcscks'ur
457 1065 503 1129 ad
514 1064 617 1149 Soph.
631 1065 743 1151 Antig.
764 1071 857 1132 1005.
881 1065 1093 1152 spanhemius
1106 1078 1140 1131 et

10 1191 20 1234 r
81 1167 238 1233 Kertem
257 1167 300 1231 ad
317 1165 486 1250 Aristoph.
506 1166 588 1232 Rau.
606 1170 683 1230 462.
703 1165 871 1233 Iacobss'ur
884 1166 1078 1231 Animadvt.
1095 1166 1139 1231 ad
1217 1188 1223 1201 ·

12 1328 19 1338 ,
77 1266 211 1341 1111601.
224 1266 282 1332 Gr.
296 1264 376 1331 Vol.
389 1273 420 1330 1.
439 1263 516 1331 Pa.
537 1287 571 1353 p.
579 1270 653 1332 246.
682 1265 909 1334 Valckenarius
922 1267 962 1330 ad
975 1265 1138 1332 Herodes.

10 1416 15 1427 .
73 1373 100 1449 7,
110 1373 164 1434 46.
188 1379 223 1433 et
236 1365 399 1434 Krsbss'us
412 1367 455 1430 ad
468 1365 500 1429 h.
514 1365 538 1430 l.
581 1365 797 1443 construitur.
811 1367 874 1432 hoo
885 1366 1027 1439 verbum
1035 1364 1136 1452 vulgo

69 1489 137 1532 cum
151 1467 321 1548 Genitivo,
343 1468 451 1530 rarius
475 1487 548 1531 cum
568 1465 768 1533 Accusativo
788 1480 867 1532 utv.
880 1468 911 1534 5.
933 1466 998 1531 Sir.
1012 1471 1065 1547 36,
1084 1471 1135 1537 19.

67 1572 142 1634 etin
155 1570 313 1632 versione
330 1565 557 1632 Alexandrina
575 1565 646 1632 Ioh.
662 1574 713 1648 12,
730 1575 781 1633 11.
802 1575 855 1650 34,
868 1574 899 1633 3.
920 1566 985 1632 Per
999 1565 1062 1647 τήν
1072 1569 1136 1632 dor·

63 1669 143 1759 ρεοίν
162 1667 232 1747 τήν
249 1664 444 1754 ἐπουράνιον
460 1669 578 1734 donum
597 1665 734 1733 coelitus
757 1690 947 1734 concessum
965 1689 1026 1752 per
1042 1664 1134 1751 lega·

63 1785 129 1837 tum
154 1768 335 1834 coelestem
357 1789 389 1833 r.
409 1774 440 1850 3,
465 1776 494 1834 1.
523 1766 665 1854 intelligi
687 1765 785 1831 debet
809 1765 928 1853 religio
956 1767 1135 1832 christiana

64 1896 136 1938 cum
155 1868 311 1936 omnihus
329 1870 506 1933 commodis
529 1881 563 1932 et
583 1872 781 1932 ornamentis
804 1891 887 1955 quae
904 1870 958 1953 iis,
983 1871 1039 1954 qui
1059 1886 1132 1930 eam

60 1971 274 2061 profitentur,
302 1968 449 2056 praebet.
492 1968 583 2035 Inest
608 1990 687 2055 ergo
708 1967 818 2033 verbis
842 1970 931 2032 notio
958 1966 1055 2032 hacc:
1077 1967 1133 2055 qui

61 2073 299 2161 praestantiam
318 2068 485 2161 doctrinae
507 2072 631 2137 Christi
649 2073 756 2135 animo
777 2080 1001 2155 perceperunt.
1044 2066 1132 2131 Ver·

60 2176 136 2241 hmn
152 2172 244 2261 quod
255 2173 437 2257 praecessit
449 2168 667 2259 φωτίζεσθαι
672 2173 814 2257 pertinet
821 2171 863 2234 ad
871 2169 1131 2256 intelligentiam,

60 2276 231 2364 γεύεσθαι
243 2274 286 2338 ad
299 2294 414 2337 sensus
433 2293 479 2336 ex
494 2270 661 2336 intellecta
677 2270 824 2337 doctrina
840 2271 1005 2350 oriundos,
1024 2280 1060 2332 ut
1080 2269 1131 2333 in·

62 2379 250 2465 telligentcr
263 2373 553 2440 monuithhon'ur.
569 2373 631 2439 καί
637 2371 797 2458 μετόχους
809 2371 1017 2457 γενηθέντας
1029 2365 1132 2436 πνεύ-

62 2502 168 2565 ματος
182 2471 299 2560 ἁγίου]
316 2482 350 2539 et
365 2472 509 2560 Spissius
526 2471 563 2539 S.
580 2476 733 2540 donorum
743 2480 924 2560 paulisper
934 2471 1034 2550 sacti
1044 2480 1131 2537 sunt.

62 2579 209 2645 Thomas
225 2575 318 2661 Mag.
340 2574 517 2659 γενηθείς,
537 2573 617 2638 ἀντὶ
639 2573 700 2638 τοῦ
720 2571 913 2656 γενόμενος,
935 2570 1045 2646 οὐδεὶς
1064 2571 1131 2636 τῶν

64 2678 224 2767 δοκίμων.
243 2676 340 2741 Hunc
353 2676 523 2739 Antiatum
536 2677 712 2757 scriptores
728 2672 771 2738 N.
780 2671 821 2736 Τ.
837 2672 878 2738 ah
892 2673 1129 2739 Alexandrinis
1268 2711 1273 2719 =

61 2791 226 2847 mumatos
243 2785 330 2858 csse,
351 2774 462 2839 docuit
483 2774 657 2847 Rechcrue
671 2773 818 2839 Proluss.
839 2774 881 2838 de
903 2777 993 2839 vitiis
1015 2772 1128 2837 chx.
1207 2779 1211 2786 '

61 2881 103 2947 Ν.
118 2880 162 2946 Τ.
170 2902 212 2965 p.
225 2883 301 2943 685.
314 2875 355 2940 ci.
371 2878 470 2938 etiam
483 2873 659 2940 Ιεοόοοίίιιι
672 2873 714 2938 ad
729 2873 942 2960 Phrynichp.
952 2879 1024 2939 108.
1032 2872 1129 2939 ared-
1231 2905 1240 2928 ι

60 3007 109 3067 μα
120 2976 224 3065 ίίγιον
238 2978 361 3043 indicat
375 2973 546 3041 facultates
558 2985 591 3038 et
603 2976 751 3058 virtutes,
765 2996 849 3062 quae
863 2997 923 3061 per
934 2973 1128 3059 religionem

63 3082 251 3148 christianis
270 3077 425 3147 divinitus
446 3076 652 3162 coutingrmt,
679 3097 743 3164 quo
766 3076 929 3160 pertinent
952 3071 1129 3159 singularis

63 3186 159 3249 animi
174 3179 361 3258 commotio,
382 3198 446 3264 qua
456 3187 611 3263 tanquam
629 3178 732 3243 divini
746 3178 885 3240 numinis
898 3172 1019 3254 afflatu,
1032 3175 1057 3238 ii
1071 3174 1129 3259 qui

64 3285 230 3350 doctrinae
251 3269 692 3367 christianae‘salubritatem
711 3288 928 3364 agnoverant,
949 3296 986 3339 re
1008 3274 1128 3338 sentie-

62 3387 136 3453 hant
146 3372 365 3469 Mpulsos'ad
379 3401 451 3445 eam
465 3378 705 3464 suscipiendam
718 3378 791 3443 Act.
808 3383 859 3459 10,
868 3381 922 3443 47.
943 3382 1128 3456 susceptam

61 3467 456 3575 impavideprofiteudam
479 3491 511 3543 et
531 3480 784 3565 propagandam,
806 3479 986 3546 accuratior
1009 3474 1128 3539 doctri-

60 3611 120 3655 nae
131 3584 334 3652 christianae
345 3582 493 3661 scientia,
515 3582 616 3646 anirm
634 3580 863 3667 tranquillitas,
877 3576 1051 3664 probitatis
1061 3585 1129 3636 stu·

60 3691 148 3753 dium
172 3696 237 3749 etc.
255 3682 299 3749 of.
320 3694 387 3747 not.
406 3682 448 3746 ad
468 3689 545 3763 2,4.
572 3681 673 3746 Haud
691 3678 776 3747 mule
789 3680 956 3744 Bihmr'us:
976 3674 1130 3762 quicquid

62 3788 233 3878 peculiare
247 3781 508 3875 existimabatur,
528 3782 584 3847 vel
598 3785 632 3846 in
646 3785 719 3869 ipsa
730 3783 854 3867 pietate
866 3778 1053 3858 christiana,
1073 3772 1129 3843 vel

61 3895 94 3957 iu
104 3894 183 3958 cius
196 3884 469 3956 extraordinariis
482 3882 651 3949 fructibus.

143 3995 177 4059 5.
200 3985 310 4059 καλὸν
337 3985 424 4055 Θεοῦ
442 3981 536 4075 ῥῆμα
559 3981 823 4066 chrysostomus,
853 3975 1131 4067 Theophyluctus,
