2604 4746
443 281 607 360 carun
640 284 695 362 11.
729 310 765 364 v.
795 296 851 364 17.
1129 302 1177 373 83

125 457 154 516 in
169 453 265 516 terris
289 471 458 537 perpessa,
478 472 562 538 quae
585 453 713 540 quidem
728 454 833 537 ipsius
846 475 933 521 mors
947 467 1100 546 tanquam
1117 483 1172 529 η.

122 551 271 617 criticium
294 552 458 637 piaculare
476 565 640 636 spectatur
653 561 685 634 9,
701 557 753 622 26.
774 555 900 620 coslum
922 576 994 621 cum
1014 566 1171 648 sanguina

122 655 253 733 maurit,
271 673 308 715 se
322 656 430 738 ipsum
452 653 603 717 victimae
620 652 694 716 loeo
712 649 786 718 Deo
806 651 921 718 obtulit
938 661 970 737 9,
985 664 1037 724 26.
1060 674 1093 725 et
1109 685 1169 747 pro

121 752 297 818 hominibus
319 751 489 816 intercedit
503 755 542 831 .7‚
566 757 618 819 25.
641 764 737 837 atque
761 755 809 816 ita
831 767 986 838 perpetuo
1006 762 1170 845 pontificis

120 855 225 917 summi
239 873 357 916 munus
377 853 462 937 gerit
479 850 545 915 vid.
559 863 625 917 not.
643 852 685 915 ad
697 855 728 931 7,
746 858 797 917 28.
825 850 869 916 H.
888 853 911 919 l.
924 868 960 918 ut
979 880 1059 924 mox
1077 864 1168 928 vide.

119 954 228 1034 timus,
249 955 399 1038 inprimis
418 953 588 1035 respicitur
607 950 803 1016 sacrificium
826 976 847 1018 a
863 952 992 1022 Christo
1016 963 1169 1046 pontifice
1227 957 1231 964 ”

118 1054 180 1119 lieo
199 1051 358 1118 oblatum.
380 1047 424 1116 τά
448 1049 532 1135 πρὸς
554 1048 614 1116 τάν
626 1049 712 1116 θεὸν
732 1058 767 1116 ia
785 1052 880 1120 redut
902 1058 1016 1123 mino
1033 1062 1168 1128 admini-

118 1155 268 1226 strandis;
288 1152 333 1218 τά
345 1153 427 1239 πρὸς
450 1149 536 1216 θεάν
559 1162 633 1214 sunt
651 1170 706 1216 m
725 1154 868 1236 dimone,
897 1159 1001 1222 cultor
1022 1162 1166 1230 datrae.-

116 1255 310 1340 praepositio
338 1250 422 1338 πρὸς
444 1249 629 1335 periphrasi
651 1251 788 1316 inservit
810 1252 881 1316 vid.
896 1253 1070 1324 Focum
1084 1261 1167 1327 Ani·

115 1357 232 1420 nadvv.
252 1352 297 1417 ad
324 1354 460 1418 Wellerr‘
482 1349 624 1415 Granun.
647 1349 723 1415 Vol.
739 1357 770 1416 3.
789 1352 827 1416 P.
841 1359 872 1416 2.
895 1375 928 1437 p.
942 1361 1014 1419 262.
1036 1357 1167 1446 loseph.

116 1455 180 1520 dut.
195 1461 227 1535 8,
242 1459 276 1518 2.
303 1474 336 1538 p.
352 1458 424 1519 320.
447 1451 499 1514 ed.
518 1450 663 1514 Ηααενσ.
684 1449 724 1512 do
745 1471 823 1536 rege
845 1451 1005 1519 lothamo:
1026 1458 1169 1544 εὐσεβής

115 1557 162 1640 μὲν
177 1553 224 1619 τά
239 1552 325 1639 πρὸς
339 1551 439 1631 θεάν,
460 1546 591 1623 δίκαιος
610 1551 646 1616 δὲ
661 1548 705 1613 τά
719 1550 801 1636 πρὸς
816 1550 1022 1636 ἀνθρώπους
1034 1556 1167 1648 ὑπῆρχε.

116 1658 240 1720 Aristot.
260 1655 302 1718 de
318 1653 399 1738 Rep.
415 1655 446 1716 5.
459 1672 492 1735 p.
504 1655 579 1716 547.
600 1648 645 1715 τά
658 1649 740 1736 πρὸς
756 1649 832 1727 τους
844 1651 951 1728 θεοὺς
969 1653 1165 1741 φαίνεσθαι

115 1753 159 1820 dri
172 1752 415 1833 σπουδάζοντα
430 1746 653 1839 διαφερόντως
665 1753 780 1816 cultum
793 1754 922 1817 deorum
932 1759 1075 1840 rapum
1087 1785 1167 1829 m..

112 1877 163 1942 per
178 1874 301 1920 curare
317 1852 421 1920 debet.
461 1850 539 1915 Alia
555 1849 707 1934 exernpla
721 1852 789 1934 peti
804 1865 940 1935 possunt
957 1876 1004 1919 ex
1024 1859 1166 1930 Wetrte.

114 1963 153 2022 αἱ·
163 1955 267 2020 Obss.
282 1954 370 2018 adh.
384 1952 408 2018 l.
424 1952 555 2038 Kypkr'r',
570 1950 704 2016 Eleum
720 1963 754 2015 et
769 1950 922 2036 Raploelr'r‘
941 1953 983 2016 ad
996 1962 1027 2038 5,
1045 1967 1075 2025 1.
1097 1963 1165 2029 00.

113 2059 285 2120 cumenius:
308 2049 353 2118 τά
366 2051 449 2143 node
463 2050 524 2116 τόν
543 2045 629 2116 Θεὸν
648 2052 714 2116 τῶν
735 2047 819 2139 πρός
839 2050 924 2116 θεὸν
939 2057 998 2119 xci
1015 2054 1065 2134 εἰς
1080 2062 1166 2130 θεὸν

115 2154 302 2236 ἀνηκόντων
315 2147 532 2238 πραγμάτων.
559 2149 723 2215 ludicatur
739 2172 817 2235 ergo
833 2150 894 2216 hac
908 2153 1046 2221 formula
1061 2166 1164 2226 omni-

115 2277 147 2320 no
166 2256 274 2320 cultus
295 2254 434 2331 divinus,
457 2262 613 2337 quatenus
635 2252 677 2315 ad
701 2252 879 2316 sacerdotis
902 2252 1042 2319 officium
1060 2266 1163 2343 perti·

115 2372 173 2430 net;
197 2356 258 2420 sed
282 2354 452 2439 speciatim
475 2371 514 2413 ea
538 2351 738 2437 significatur
758 2351 960 2421 sacrificatio.
1004 2355 1110 2434 Quam
1127 2367 1163 2430 in

115 2479 170 2521 rem
181 2453 368 2520 luculentus
382 2452 473 2533 locus
485 2463 534 2514 est
549 2474 601 2538 ap.
617 2453 705 2516 Xeu.
715 2451 796 2536 Rep.
813 2452 934 2517 Laced.
954 2461 1004 2537 13,
1018 2463 1095 2545 2sq.
1111 2468 1162 2525 11.

112 2578 208 2621 sermo
229 2553 281 2617 ibi
302 2569 353 2618 est
379 2538 419 2617 de
439 2550 609 2616 sacrificiis
637 2575 751 2638 aroge
768 2552 1099 2624 Lacedaemoniorum
1120 2561 1164 2624 ad

112 2655 222 2722 teum
242 2653 468 2741 proficiscente
488 2656 646 2737 peractis,
672 2666 710 2716 et
732 2651 826 2716 finita
844 2657 1026 2718 narratione
1049 2657 1162 2723 Xeno-

114 2757 189 2842 phon
203 2756 310 2820 addit:
331 2748 414 2820 οἱὶτω
432 2753 468 2816 δὲ
481 2751 720 2837 πραττομένων
734 2752 880 2835 βασιλεῖ
894 2752 989 2822 οὐδὲν
1003 2751 1087 2822 ἄλλο
1109 2757 1164 2846 ἕρ-

112 2881 163 2942 you
175 2854 435 2928 καταλείπεται,
452 2847 476 2930 ἢ
490 2853 574 2936 ἱερεῖ
583 2855 655 2937 μὲν,
667 2849 711 2916 τά
728 2850 811 2938 πρὸς
826 2852 933 2929 θεοὺς
946 2842 1047 2936 εἶναι,
1060 2876 1164 2945 στρα.

113 2960 193 3045 πηγῷ
213 2959 269 3032 δὲ,
290 2951 335 3020 τά
358 2949 443 3037 πρός
470 2952 548 3028 τούς
569 2949 774 3037 ἀνθρώπους
792 2973 874 3036 quae
900 2973 966 3016 αισι
988 2954 1048 3020 hoc
1071 2961 1162 3023 νισάο

111 3068 254 3141 agontur,
276 3061 351 3139 regi
360 3052 441 3119 nibil
452 3057 487 3117 ι’νι
499 3051 580 3120 dello
594 3063 701 3119 restat
716 3058 852 3139 negotii,
874 3073 967 3138 quom
983 3063 1021 3119 ot
1037 3056 1163 3123 άὶοάια-

110 3178 171 3223 ιινι
182 3178 294 3224 νοντα
306 3162 455 3239 respecto
470 3159 515 3218 αἱ
530 3156 693 3233 ναοονιὶσν,
714 3153 869 3218 hominnm
882 3174 959 3218 cero
974 3160 1164 3239 imperator.

86 3266 92 3277 '
112 3256 175 3336 Qua
188 3261 224 3322 in
243 3257 402 3321 orationis
417 3255 502 3316 serio
517 3252 656 3319 formula
670 3250 714 3316 τά
728 3252 810 3337 πρὸς
823 3249 902 3327 τούς
916 3250 1021 3328 θεοὺς
1037 3261 1162 3340 specia-

111 3361 159 3424 tim
180 3344 344 3423 sacrificia
362 3355 522 3437 designat.
574 3349 667 3428 Quae
689 3347 883 3436 significatio
905 3364 938 3415 et
960 3365 1070 3420 nostro
1088 3356 1162 3426 loco
1295 3353 1298 3359 ’

110 3461 270 3543 aptissime
292 3456 452 3540 congruit,
474 3473 547 3516 cum
565 3464 718 3538 sequatur
745 3446 792 3526 εἰς
809 3450 848 3517 td
869 3449 1079 3520 ἱλάσκεσθαι
1101 3459 1165 3536 τάς

111 3556 282 3648 ἁμαρτίας,
303 3569 336 3620 et
351 3557 433 3620 haec
446 3551 546 3617 verbs
560 3549 752 3616 sacrificium
767 3551 892 3616 Christi
904 3552 1069 3638 piaculare
1088 3580 1163 3643 spe·

108 3669 193 3722 etant.
238 3657 355 3743 ltaque
375 3655 524 3721 Christus
536 3652 651 3715 dicitur
662 3650 696 3714 h.
710 3649 734 3714 l.
750 3649 869 3728 πιστός
885 3651 1068 3740 άρχιερευς,
1084 3681 1163 3744 qua·

110 3767 192 3824 tenus
207 3779 275 3822 uon
289 3756 484 3840 subterfugit
496 3764 644 3831 mortem,
666 3751 725 3814 sed
739 3771 775 3814 se
789 3752 897 3835 ipsum
916 3755 1067 3818 victimae
1088 3755 1162 3825 loco

113 3853 174 3922 lieo
196 3856 325 3922 obtulit.
346 3856 394 3932 εἱς
416 3855 456 3921 τό
477 3850 686 3920 ἱλάσκεσθαι
707 3848 768 3926 τάς
787 3847 960 3937 άριαρτὶας
984 3854 1046 3918 τοῦ
1067 3856 1163 3948 λαοῦ]
1207 3888 1208 3892 ’

111 3962 150 4024 sd
166 3961 334 4046 expiando
349 3967 488 4042 peccato
498 3955 630 4037 populi:
652 3972 711 4035 pro
730 3942 788 4017 ἱνα
802 3947 973 4030 ἱλάσηται.
1019 3949 1165 4025 Verbum
1184 3949 1189 3956 ⁴

113 4055 315 4123 ἱλάσκεσθαι
334 4055 420 4141 quod
440 4057 474 4116 in
492 4051 534 4118 N.
552 4050 593 4116 Τ.
608 4062 731 4113 tautum
745 4071 797 4136 ap.
810 4048 892 4115 Luc.
907 4058 957 4135 18,
971 4059 1022 4118 13.
1034 4051 1163 4146 legitur,
1246 4069 1250 4086 “

117 4170 193 4223 notat
207 4161 349 4246 placore
363 4151 587 4220 Theocritld.
603 4156 737 4230 15,143.
753 4144 856 4217 ἵλαθι
877 4150 938 4216 νῦν
959 4150 1033 4253 φὶϊ
1051 4152 1168 4230 {daun

721 4268 724 4272 .
848 4250 918 4316 Μ
1024 4267 1026 4272 .
