2632 4740
1 210 26 351 α,
134 269 215 343 ’132
318 302 320 306 2
461 256 627 333 curor
653 257 722 332 lv.
758 277 796 332 v.
824 257 883 331 12.

139 418 324 495 hominibus
351 440 547 487 communes.
589 418 735 488 luvenal.
767 418 835 486 Sat.
859 423 918 500 15,
948 424 1020 489 14³.
1040 440 1085 471 ⁶-
1105 414 1218 497 modi

39 538 41 543 ’
138 530 307 616 Principio
328 527 461 590 indulsit
477 528 646 605 comneno
666 526 814 590 candum
834 527 899 589 illie
919 524 1054 589 Tantam
1073 530 1213 602 ammae,

1 690 3 699 .
139 630 229 697 nobis
251 633 387 694 animum
407 644 539 710 quoque.
589 622 877 691 Bretcchassiieruc
896 627 931 687 in
947 621 1133 690 Hanabaclt
1154 627 1215 691 dez·

130 730 315 814 ΙΒυμιιυιῑλ
340 724 380 791 Β.
401 732 432 789 1.
455 747 488 811 Ρ.
505 726 578 790 733.
603 725 658 789 ed.
677 731 708 791 3.
730 736 822 789 notat
846 722 1022 809 Iosephum
1047 721 1213 789 vocabulo

138 831 231 918 ψυχή
254 825 440 912 siguificare
458 818 606 890 voluisse¹
618 833 736 904 citam,
764 845 838 889 cum
853 825 931 909 χοῦς
948 844 1008 908 per
1023 844 1059 886 se
1076 826 1211 889 vitaca·

138 943 221 1012 reut,
234 938 268 992 et
283 928 475 1011 respexisse
489 935 565 1010 wi]
574 923 675 1017 ,19363
695 926 826 992 halitum
839 932 938 989 citae.
975 921 1211 1017 Rabbinifflro·

14 1061 17 1065 ·
69 1091 72 1094 ⁴
139 1054 202 1121 quc
227 1041 260 1094 et
278 1024 504 1110 Cabbalistae,
535 1025 767 1112 quorum'loca
785 1022 882 1109 plura
904 1020 1212 1111 congesseram

137 1141 251 1214 maga
269 1126 370 1192 Obss.
394 1126 503 1191 Sacrr.
526 1135 557 1208 3,
578 1135 610 1191 4.
631 1148 664 1213 Ρ.
686 1132 759 1193 550.
781 1130 844 1191 556
864 1146 914 1211 sq.
938 1124 1212 1209 areensem

137 1241 173 1300 sic
186 1231 361 1299 Eatdcckt.
374 1226 527 1294 quenta
541 1226 578 1293 Ρ.
587 1232 618 1290 1.
633 1249 661 1290 c.
677 1233 730 1292 19.
744 1246 778 1310 Ρ.
794 1233 857 1291 887
869 1248 918 1313 sq.
933 1238 967 1289 et
981 1223 1212 1310 Scii'ttgem'us

137 1332 239 1398 Horr'.
254 1316 380 1392 Hebri.
401 1327 442 1390 ad
458 1334 474 1391 1
490 1325 611 1392 Thess.
631 1333 663 1410 5,
679 1320 732 1392 23.
754 1326 851 1391 modo
870 1339 955 1408 tres,
982 1328 1082 1391 modo
1096 1326 1209 1412 plures

139 1434 264 1497 annuae
277 1428 438 1492 humanae
450 1439 561 1511 partes
576 1440 767 1491 memorant.
804 1426 870 1491 Sed
883 1429 913 1490 si
926 1419 1121 1512 diligentius
1130 1449 1209 1491 exa-

136 1536 318 1608 minantur,
342 1549 426 1613 quae
439 1526 523 1591 hanc
539 1530 574 1591 in
586 1550 655 1592 rem
670 1527 811 1593 Rabbini
824 1538 857 1590 et
869 1524 1080 1603 Gabbalistae
1098 1529 1207 1612 dispu-

54 1688 58 1703 .
136 1640 261 1710 tarunt,
289 1627 386 1693 facile
407 1627 617 1713 intelligitur,
645 1639 682 1690 ut
699 1631 839 1691 scienter
857 1629 982 1691 monuit
997 1628 1150 1696 Bucam
1170 1632 1204 1693 in

136 1732 260 1798 Introd.
282 1731 324 1794 ad
341 1727 464 1793 Philos.
480 1727 584 1792 Hebr.
598 1750 632 1813 Ρ,
643 1735 730 1808 431,
754 1747 812 1792 eos
824 1729 972 1792 non-nisi>
984 1728 1067 1794 duas
1086 1741 1201 1793 tantum

57 1905 59 1909 ,
135 1834 307 1919 primarias
320 1831 447 1892 nonnae
464 1827 623 1891 humanae
639 1838 749 1913 partes
763 1832 928 1894 statuisse.
970 1828 1041 1894 Iam
1058 1831 1144 1916 quod
1155 1829 1198 1893 lo·

136 1955 209 1998 cum
228 1944 373 1996 nostrum
394 1941 427 1993 et
445 1927 538 1993 illum
553 1933 569 1992 1
587 1927 705 1994 Thess.
723 1932 754 2011 5,
767 1937 820 1997 23.
841 1933 972 2012 attinet,
998 1951 1107 2022 nequo
1119 1932 1194 1997 Pau·

73 2058 78 2067 ·
134 2033 206 2117 lus,
232 2053 337 2119 neque
358 2051 410 2113 ep.
431 2028 473 2091 ad
487 2017 741 2112 Hebaeuctor,
770 2029 922 2114 πνεῦμα,
940 2028 1050 2117 ψυχὴν
1065 2033 1192 2116 οισῶμυ
1234 2020 1241 2071 ·3

23 2190 27 2199 .
72 2154 76 2173 ⁵
135 2142 440 2210 commemorantes,
468 2129 602 2196 totidem
622 2130 782 2194 humanae
799 2144 933 2195 naturae
954 2143 1065 2217 partes
1085 2133 1192 2197 consti·

98 2296 106 2313 ,
133 2248 226 2299 tuere
239 2231 422 2311 voluerunt,
437 2228 498 2293 sed
510 2229 671 2296 vocabula
680 2230 773 2320 ψυχή
786 2243 819 2295 et
832 2234 974 2318 πνεῦμα,
990 2233 1189 2318 quibusdum

132 2336 232 2398 animi
243 2332 384 2396 hominis
397 2327 569 2394 facultates
582 2342 614 2394 et
625 2333 714 2396 vires
730 2333 878 2397 diversae
887 2346 955 2397 tum
968 2335 1106 2399 indicari
1117 2333 1187 2417 sole-
1236 2336 1241 2399 ⁴.

131 2445 204 2499 rent
211 2454 242 2495 v.
251 2429 412 2496 Kretea
419 2441 452 2494 et
459 2430 643 2496 Laecaeras
658 2433 699 2496 ad
713 2440 728 2497 1
740 2431 917 2500 Thess.l.l.
926 2435 1011 2499 hano
1025 2436 1185 2499 distinctio·
1237 2444 1241 2489 Ξ

8 2612 13 2623 ι
131 2557 207 2599 nem
222 2533 446 2616 respicientes,
466 2533 654 2613 iunxerunt,
674 2545 711 2596 ut
728 2537 907 2600 orationem
928 2535 1185 2622 amplificarentet
1238 2568 1241 2605 ς

130 2624 200 2717 rem
215 2644 315 2696 totam
330 2633 550 2712 exhaurirent,
558 2645 594 2695 ut
602 2635 638 2696 in
648 2639 795 2700 oratione
807 2636 1043 2701 vehementiori
1054 2628 1091 2701 et'
1097 2657 1184 2722 popu·

129 2734 211 2815 lari,
240 2754 323 2821 quae
346 2735 473 2796 suntin
493 2733 653 2821 aliquare
669 2737 904 2820 quodammodo
921 2737 1071 2820 diversa,
1092 2757 1184 2802 cumu-

128 2833 192 2898 lari
207 2828 314 2897 solent
328 2852 360 2896 v.
368 2833 517 2917 Kopps’as
530 2835 573 2898 ad
590 2833 736 2899 1'l'hess.
745 2831 768 2902 l.
784 2836 806 2902 l.
820 2839 950 2904 Kailios
958 2837 981 2902 l.
995 2837 1019 2902 l.
1032 2861 1065 2923 p.
1080 2845 1183 2921 646aq.

129 2936 303 3020 Knappc'as
315 2932 439 2999 christi.
450 2933 701 3002 Glaabeaslelere
715 2935 858 3023 Toup.
867 2944 929 3002 299
936 2959 985 3024 sq.
1006 2939 1093 3005 Aliis
1105 2938 1183 3005 inlo-

129 3037 176 3100 cis
188 3032 231 3098 Ν.
247 3033 288 3097 Τ.
301 3037 391 3121 ψυχή
404 3046 438 3097 et
452 3036 594 3119 πνεῦμα,
605 3047 640 3098 ut
651 3039 684 3100 iu
698 3035 782 3100 libro
792 3036 937 3122 Sapient.
951 3046 983 3118 9,
997 3044 1089 3121 15.6,
1104 3047 1149 3106 19.
1158 3039 1182 3114 7,
1235 3096 1241 3121 Ι.

128 3140 179 3200 27.
194 3146 230 3197 ut
242 3130 363 3225 Hebrr.
378 3154 470 3199 voco.
485 3134 549 3202 aar
564 3150 599 3201 et
611 3151 669 3204 tuan
680 3140 863 3223 promiscue
878 3152 1085 3223 usurpantur.
1092 3137 1184 3225 ἁρμὸς
1238 3154 1241 3231 ξ

128 3245 179 3299 eat
193 3241 420 3316 commissura,
431 3255 608 3323 compages,
626 3237 660 3302 h.
676 3236 700 3302 l.
712 3239 918 3305 membrorum
935 3250 1092 3327 corporis.
1106 3241 1183 3307 'l'est
1236 3236 1241 3291 i

58 3382 64 3389 .
129 3342 179 3400 12.
194 3343 278 3417 patr.
296 3333 463 3399 Fabricl.
482 3355 516 3419 Ρ.
529 3340 604 3403 633.
623 3337 657 3403 οἱ
675 3335 783 3424 douai
805 3345 865 3406 του
883 3338 1046 3424 σώματος.
1063 3344 1125 3409 Sir.
1140 3336 1183 3420 27,

127 3443 158 3500 2.
167 3431 270 3520 ἁρμοὶ
282 3430 406 3502 λίθων.
412 3433 664 3518 DionysHalie.
672 3442 745 3525 5Ρ
753 3447 825 3505 282.
840 3438 944 3524 ἁρμὸς
953 3440 1066 3530 θύρας
1079 3452 1185 3510 masao

126 3540 342 3600 commissura.
363 3534 485 3622 μυελὸς
499 3541 638 3605 medulla
653 3540 725 3625 (das
738 3539 852 3627 Mara)
867 3545 952 3606 inter
969 3547 1126 3610 cavitates
1140 3564 1187 3609 os·

126 3639 211 3709 sium
226 3633 344 3700 latens.
386 3635 596 3718 Hesychiuss·
608 3637 795 3724 μυελὸς-τὸ
808 3641 905 3718 ἐντὸς
921 3644 985 3708 τῶν
997 3645 1116 3711 ὀστῶν.
1136 3644 1189 3710 ΑΙ-

124 3730 271 3821 ciphron.
297 3758 348 3821 ep.
366 3743 395 3819 1,
417 3743 468 3801 23.
489 3757 522 3822 Ρ.
537 3745 589 3804 92.
618 3739 802 3823 Bergler.o‘
822 3741 945 3828 κρυμός
964 3746 1000 3810 δὲ
1023 3741 1191 3813 εἰσιδύετυ

122 3835 215 3922 μέχρι
233 3836 360 3919 μυελῶν
379 3831 492 3901 αὐτῶν
513 3840 573 3902 καὶ
594 3836 717 3905 ὀστέων
733 3842 852 3926 frigas
874 3855 981 3910 autem
997 3848 1193 3932 penetrabat

120 3956 220 4022 usque
234 3939 280 4002 ad
290 3943 379 4024 ι’μιαι
393 3937 549 4002 medullae
564 3951 599 4004 et
610 3963 695 4005 osea.
717 3939 890 4008 Heliodor.
906 3948 937 4007 3.
948 3967 981 4030 Ρ.
1000 3953 1074 4014 141.
1104 3950 1193 4016 Con-

120 4040 191 4102 mel.
200 4037 405 4123 (Ρόπυεῦμα)
420 4032 513 4122 ἄχρις
527 4035 577 4102 ἐπ’
589 4038 694 4105 ὅστεα
707 4041 918 4126 aniantionis
930 4045 1054 4122 αὐτούς
1065 4044 1194 4116 sicoris·

112 4140 178 4201 ’ται
189 4128 236 4205 ad
247 4158 321 4205 ossa
335 4144 408 4222 ι’μιυ
426 4145 460 4202 et
476 4141 632 4208 medullas
649 4130 814 4228 penetrat.
864 4143 993 4211 Deinde
1008 4168 1070 4232 per
1089 4125 1193 4219 metu·
1210 4142 1213 4147 ¹
