2604 4746
257 302 710 462 ‘rnoisnonsnn
739 331 832 436 cn.
853 329 881 397 1.
925 333 1000 411 sc
1142 356 1178 401 n

112 525 183 587 rent,
204 515 258 591 qni
273 531 294 570 a
311 509 406 570 Panlo
429 507 585 586 epistolant
603 508 764 587 proiectam
787 525 853 565 csse
873 515 1048 583 statuerent,
1068 509 1180 569 factum

114 629 165 688 est,
185 625 220 673 nt
244 615 342 671 etiam
363 611 487 668 ccclcsia
507 607 698 667 occidentalis
721 626 785 666 eam
805 606 941 667 Paulinis
963 619 1179 669 annumeraret.

115 718 321 792 Hieronymus
335 707 448 791 (donat
463 730 490 768 e.
505 708 537 768 C.
550 703 638 789 420.)
650 711 702 785 qni
717 727 770 783 per
792 710 914 789 longum
933 718 1046 785 tompus
1069 713 1100 770 in
1115 707 1183 769 Ae·-

117 829 217 898 gypto,
233 813 423 886 Palaestina,
443 807 567 886 aliisqnc
583 807 716 868 Orientis
730 811 900 889 regionibus
914 812 1041 885 vixerat,
1063 821 1180 869 secutas

114 913 480 978 auctoritatcmecclesiae
492 910 655 984 orientalis,
673 912 789 988 saepius
803 914 966 987 inscriptis
986 913 1049 970 suis
1070 913 1180 989 episto-

113 1023 165 1077 lsn
178 1029 331 1094 tanquam
344 1012 499 1070 Paulinam
513 1001 622 1083 laudat,
642 1028 741 1088 neque
755 1020 854 1070 tamen
867 1014 961 1087 ipsius
974 1015 1126 1090 persuasio
1141 1012 1179 1071 tls

113 1121 254 1196 epistolae
279 1111 438 1174 authentia
459 1112 532 1168 satis
554 1109 639 1167 firme
659 1130 694 1169 ac
718 1121 804 1170 'corta
832 1113 925 1170 inisse
950 1114 1073 1175 videtur.
1117 1114 1182 1195 Age

112 1220 273 1278 nonnullos
288 1219 376 1275 locos
396 1231 435 1272 ex
459 1215 552 1290 ipsius
573 1213 690 1288 scriptis
714 1210 879 1271 afferamus.
921 1210 958 1272 ln
980 1232 1025 1289 ep.
1046 1212 1181 1272 sclPans·

112 1320 202 1378 nach.
229 1317 267 1377 T.
284 1319 318 1376 2.
342 1335 370 1392 p.
386 1313 458 1374 458.
481 1312 599 1372 scribit:
620 1310 735 1392 lapiso,
762 1317 844 1372 ister
865 1314 946 1373 ciros
966 1322 1088 1371 sanctos
1101 1313 1181 1393 Apo-

113 1421 179 1480 stoli
191 1438 269 1481 vocs
290 1423 478 1486 sannaus,
500 1415 677 1472 meretricis·
690 1425 737 1474 cst
750 1414 858 1487 filias..
890 1412 1052 1472 Commcnt
1070 1416 1103 1473 in
1125 1413 1179 1472 ies.

114 1541 134 1577 c.
148 1520 177 1578 7.
199 1517 239 1578 Τ.
258 1518 290 1574 4.
313 1535 342 1592 p.
357 1515 409 1574 28·
432 1533 621 1592 nequaquam
642 1515 829 1589 multifarie,
856 1516 941 1574 iuxta
960 1511 1085 1573 Paulum
1105 1516 1183 1592 Apo·

114 1622 228 1692 stolum,
253 1626 286 1676 et
302 1614 407 1674 acuitis
423 1615 517 1673 stadis
530 1615 665 1693 loqactar
676 1613 768 1673 Deus.
790 1613 1021 1674 Adniorinian.
1034 1614 1098 1674 Lib.
1115 1619 1142 1675 1.
1157 1635 1182 1674 a
1213 1627 1217 1635 '

116 1722 140 1779 3.
161 1718 195 1776 T.
212 1719 253 1776 ·2.
277 1735 311 1793 p.
336 1715 410 1775 323.
432 1715 561 1779 asam
583 1715 707 1774 Paulum
727 1714 906 1792 loquenten:
934 1715 1183 1774 adolescentiores

116 1822 214 1877 ciriaca
228 1816 297 1876 vola
315 1814 437 1888 sabare,
456 1815 545 1888 filias
553 1830 725 1892 procreare
737 1808 769 1892 (1
785 1811 860 1872 Tim.
872 1815 904 1888 5,
920 1802 1002 1894 14.)’;
1024 1827 1071 1875 et:
1094 1816 1182 1876 boso·

118 1920 217 1985 robites
235 1917 419 1997 saptiaset,
434 1914 528 1973 cubile
541 1913 759 1993 immacalatam
772 1910 880 1995 (chr.
896 1914 947 1989 13,
962 1909 1026 1995 4);
1045 1927 1094 1976 et:
1119 1938 1183 1976 sns-

120 2018 173 2097 lierj
185 2018 333 2095 allegata
354 2016 495 2087 estairo,
516 2014 654 2094 quamdis
675 2016 820 2074 civit-cir
840 2017 905 2073 sias
926 2010 960 2095 (1
984 2015 1050 2075 Cor.
1072 2017 1104 2089 7,
1119 2013 1184 2094 39.)

123 2128 164 2174 etc.
176 2138 217 2195 ep.
232 2116 275 2183 ad
290 2111 427 2171 Dardan.
445 2113 565 2174 129.·Τ.
580 2113 611 2169 3.
633 2130 660 2187 p.
678 2109 749 2172 732.
791 2111 874 2172 Illud
893 2118 1005 2175 sostris
1029 2118 1184 2176 dicendast

133 2228 172 2286 at,
184 2218 262 2274 banc
281 2214 442 2289 epistolam
456 2232 531 2290 qnae
543 2212 718 2273 inscribitur
731 2212 769 2272 ad
782 2211 945 2288 Hebraeos,
967 2235 1025 2281 sos
1038 2216 1130 2274 salusa
1146 2216 1184 2274 ab

132 2320 238 2376 aciesiis
255 2314 429 2387 Orientis,
458 2313 510 2371 sed
529 2312 565 2371 ab
588 2313 722 2370 omnibns
742 2322 824 2371 rotro
843 2315 1052 2374 ecclcsiasticis
1077 2294 1185 2373 Gracci

123 2422 251 2478 samonis
271 2406 483 2493 scriptoribus
497 2416 582 2491 qnasi
599 2412 685 2471 Pauli
698 2415 830 2492 Apostoli
844 2417 973 2495 saccari,
998 2417 1071 2474 licet
1094 2418 1185 2491 picris

121 2539 166 2596 qne
187 2540 256 2578 eam
277 2517 335 2576 vel
358 2513 513 2600 Barnabas
535 2517 583 2573 vel
598 2511 757 2573 Clementis
779 2515 977 2589 arbitrentu13
998 2526 1029 2575 et
1048 2515 1124 2574 nilcil
1140 2519 1186 2575 ia·

120 2631 232 2693 teresse,
255 2618 351 2676 cuias
367 2615 420 2685 sit,
442 2634 507 2672 cam
533 2617 733 2676 ecclesiastici
752 2616 815 2675 ciri
828 2617 879 2688 sit,
902 2624 932 2674 et
945 2618 1077 2695 quotidie
1093 2618 1186 2675 eccle·

119 2724 222 2779 siarum
245 2719 384 2778 lectione
398 2715 577 2776 celebretur.
624 2715 740 2787 Quodsi
755 2737 819 2775 eam
837 2716 1008 2774 Latinorum
1026 2727 1186 2776 consuetu-

119 2821 149 2879 io
164 2841 224 2879 non
237 2817 354 2894 recipit
370 2816 451 2877 inter
465 2821 626 2895 scripturas
652 2820 822 2890 canonicas,
843 2837 896 2875 nec
917 2816 1101 2877 Graecorum
1121 2821 1186 2898 qai-

120 2924 174 2981 dem
188 2921 342 2996 ecciesiae
356 2910 555 2998 Apocalypsin
570 2917 714 2978 Iohannis
732 2920 833 2978 eadem
846 2920 988 2977 libertate
1002 2920 1188 2998 mopiaatt

118 3033 267 3081 ettamen
288 3035 345 3077 nos
367 3029 495 3099 atraque
513 3021 709 3098 suscitamus,
736 3038 918 3099 nequaquam
938 3017 1025 3076 baias
1044 3016 1202 3096 temporis

119 3121 373 3193 conscendissent,
403 3121 457 3178 sed
475 3131 607 3180 ceteram
629 3123 809 3201 scrs'ptoram
829 3120 1042 3177 anctoritatem
1064 3134 1187 3198 seques·
1290 3104 1296 3119 ¹

118 3234 169 3294 tes,
192 3220 434 3302 accipies-amque
449 3225 604 3300 atriasqae
623 3219 990 3290 abataatartettimosiis,
1019 3236 1076 3276 aon
1091 3228 1125 3278 at
1140 3221 1186 3278 ia·
1262 3228 1264 3236 '

121 3327 236 3383 terdum
250 3323 289 3380 de
308 3319 486 3399 apocryphis
494 3323 609 3396 facere
623 3324 718 3383 solent
732 3320 921 3403 (quippeqai
935 3328 965 3377 et
979 3317 1136 3394 gentilica
1150 3316 1188 3376 li-

123 3435 258 3485 tercram
272 3440 350 3480 raro
363 3430 490 3485 cecatur
504 3418 668 3508 exemplis),
689 3425 742 3483 sed
760 3422 849 3502 quasi
867 3419 1026 3481 canonicis.
1047 3416 1102 3494 Ep.
1118 3417 1188 3478 125.
1275 3426 1279 3435 ’

124 3525 156 3580 sd
168 3517 387 3602 Evagrinm'T.
404 3522 432 3582 3.
448 3540 476 3598 p.
495 3525 564 3586 705.
580 3534 747 3606 practerea
760 3521 881 3603 planias
894 3537 956 3578 esse
970 3530 1137 3578 tractatam
1157 3522 1189 3583 is

126 3625 247 3703 epistola
259 3622 300 3680 cd
313 3619 474 3696 Hebraeos,
496 3645 584 3703 quam
600 3643 702 3683 omncs
720 3624 826 3683 Gracci
840 3621 996 3699 recipiunt,
1016 3630 1046 3679 et
1059 3621 1188 3680 nonnul·

126 3725 346 3796 libatinorum,
369 3725 446 3806 qaod
458 3727 517 3783 iste
531 3724 738 3798 Molcbisedec‚
760 3728 780 3784 i.
797 3745 820 3783 e.
837 3743 893 3783 rea
914 3725 1025 3792 iactas,
1044 3741 1100 3783 rex
1114 3714 1189 3797 fas-
1277 3702 1280 3709 ²

128 3827 164 3883 rit
180 3823 295 3883 Salem.
338 3817 481 3895 Affirmat
501 3835 600 3887 caten
613 3825 774 3908 Apostobsa
788 3834 844 3893 stc.
869 3823 1113 3895 commentum
1129 3823 1188 3883 les.

129 3946 149 3983 c.
166 3926 215 3987 57.
240 3923 278 3983 Τ.
296 3917 326 3981 4.
347 3942 377 3999 p.
393 3925 461 3986 189.
482 3925 568 3997 Mons
583 3938 682 3995 satem
695 3937 818 3985 sanctas
834 3923 896 3985 Dei
915 3924 964 3993 ille
980 3922 1190 4002 intelligendas
1201 3942 1214 3979 .’

130 4039 175 4100 est,
197 4029 236 4086 de
253 4044 312 4104 qao
326 4023 364 4080 cd
376 4023 527 4088 Hebraeos
548 4017 689 4106 loqnitur,
710 4031 760 4104 qni
774 4027 878 4085 scribit
895 4026 1063 4102 epistolam3
1086 4041 1189 4083 acces·
1288 4085 1292 4090 ,

129 4132 206 4187 sistis
222 4129 267 4186 ad
282 4122 545 4210 Sioaetc.(1icbr.
561 4132 612 4203 12,
627 4125 700 4209 22).
720 4131 756 4190 ln
767 4129 867 4186 Amos·
885 4146 910 4185 c.
925 4127 953 4187 8.
975 4122 1009 4182 Τ.
1025 4124 1053 4186 5.
1074 4145 1101 4201 p.
1120 4125 1188 4187 121.

132 4229 218 4302 Quod,
243 4227 424 4306 quicunque·
440 4235 486 4306 est
505 4221 562 4302 [ine
583 4233 633 4308 qui
656 4231 693 4290 ad
712 4227 861 4292 Hebraeos
884 4223 1003 4304 scripsit
1027 4224 1191 4301 epistolam,
1230 4298 1232 4302 ,
