2632 4740
393 268 401 279 ’
456 244 619 371 Cadur
643 283 687 359 v.
721 303 759 358 v.
787 288 821 356 ⁷.
1092 281 1162 354 159

101 444 314 540 porrigentes.
344 447 424 516 Stat.
440 447 547 515 Theb.
566 457 600 530 2,
619 453 691 515 478.
717 466 897 534 ramumque
912 440 1082 533 precantia
1103 438 1163 510 olr-
1257 441 1260 445 ⁴

101 573 157 619 rac
172 549 310 621 Abrae
333 610 336 615 .
353 547 481 614 Deinde
495 572 612 616 nomen
625 549 780 636 ἱκετηρία
789 550 919 634 ponitur
931 540 989 626 ita,
1010 556 1047 608 ut
1060 553 1163 632 ι’ρραιιι

103 655 366 739 supplicaremus
381 652 501 717 indicet
518 663 554 715 ut
575 652 607 716 h.
621 650 644 715 l.
668 649 803 716 2Macc.
819 657 851 729 9,
868 654 918 713 18.
962 645 1161 729 Hesychius:

107 748 263 838 ἱκετηρία,
277 747 496 839 capriniacus.
502 788 549 809 .—
562 750 646 839 πρὸς
659 749 718 816 τόν
732 744 916 834 δυνάμενον
930 744 1048 826 σώζειν
1060 745 1165 813 αὐτὸν

109 852 141 918 ἐκ
152 850 330 936 θανάτου]
349 857 406 938 ραι·
415 874 483 918 ecco
498 863 610 940 posset
624 858 721 918 morti
732 858 875 943 eripere,
899 871 918 912 a
931 849 1093 913 moriendi
1105 870 1163 911 ne-

113 955 258 1017 cessitate
273 949 425 1015 liberare.
438 949 517 1031 Alii,
531 953 702 1018 cumiesus
717 973 781 1016 non
793 950 949 1016 liberatus
966 950 1008 1013 sit
1021 960 1164 1028 amunte,

110 1058 249 1120 termut:
280 1073 326 1116 ex
346 1063 450 1115 morte
469 1051 595 1118 salvum
613 1066 797 1138 praestare,
824 1054 860 1115 in
877 1054 977 1115 vitam
997 1069 1164 1130 revocare,

115 1166 142 1219 et
158 1150 320 1219 vocabulo
340 1149 497 1236 ἐολοὲβεια
511 1161 734 1234 reverentiae,
754 1159 893 1241 pietatis
911 1152 1074 1215 notionem
1088 1148 1165 1213 sub-

115 1257 234 1328 iiciunt3
257 1252 316 1318 sed
337 1253 499 1338 significat
514 1265 646 1334 σιοίκνι,
670 1267 706 1317 ut
725 1275 805 1319 mox
823 1252 1016 1317 videbimus.
1059 1249 1165 1316 Abre-

116 1354 207 1420 rcdr'ss
216 1350 375 1427 θάνατος
391 1354 430 1418 de
448 1365 542 1437 metu,
551 1364 678 1421 terrore
686 1362 803 1421 mortis
816 1356 942 1439 accipit,
960 1361 1042 1439 'quae
1056 1364 1167 1416 tamen

118 1454 304 1542 significatio
332 1475 436 1541 neque
463 1459 647 1522 necessaria
670 1471 742 1535 est,
784 1475 887 1541 neque
911 1453 978 1517 alio·
997 1456 1176 1539 scriptoris¹
1247 1473 1249 1477 ⁴

118 1554 178 1621 loco
188 1553 393 1641 comprobari
407 1570 525 1641 potest.
540 1557 628 1643 μετα
640 1555 782 1643 κραυγῆς
795 1551 928 1642 ἰσχυρᾶς
943 1554 1001 1619 καὶ
1015 1551 1168 1640 δακρύων

119 1656 336 1744 προσενέγκας]
356 1677 424 1720 cum
437 1678 550 1740 magno
564 1646 705 1725 clamore
720 1666 754 1737 et
769 1659 907 1750 lacrimis
921 1657 1050 1737 effudit.
1085 1656 1167 1720 For·

121 1755 194 1822 nola
211 1755 413 1844 προσφέρειν
431 1755 563 1838 δεήσεις
580 1761 717 1822 occurrit
731 1760 828 1821 etiam
844 1780 896 1843 ap.
912 1755 1031 1821 Achill.
1046 1755 1120 1821 Tat.
1135 1763 1167 1838 7,
1285 1750 1288 1755 ’

123 1856 320 1942 1.p.151.cd.
334 1856 460 1922 Iacobo
470 1855 719 1948 δεύτεροναύιῷ
728 1854 912 1948 προσφέρει
922 1859 1046 1938 δέησιν.
1059 1860 1167 1945 Longa

123 1954 268 2023 Pastoral.
278 1964 309 2037 2,
317 1952 368 2019 23.
379 1955 500 2023 Bodcn.
509 1959 618 2036 πάσας
625 1959 752 2039 δεήσεις
765 1959 983 2047 προσέφερον.
999 1958 1169 2035 Quodrem

125 2059 233 2139 attinet,
245 2056 392 2142 plerique
404 2061 598 2145 interpretes
608 2061 727 2145 respici
739 2071 852 2142 putant
862 2060 950 2122 adea
959 2078 1041 2146 quae
1052 2059 1168 2125 Matth.

125 2162 165 2240 Β,
177 2164 217 2224 38
235 2179 307 2245 sqq.
335 2156 416 2222 Luc.
431 2165 483 2240 22,
498 2168 551 2226 41.
568 2168 621 2225 44.
639 2182 684 2224 ss,
705 2171 909 2240 enarrantur,
939 2158 997 2223 ubi
1017 2160 1111 2225 Iesus
1134 2163 1173 2229 in
1285 2236 1288 2241 ,

125 2257 414 2324 villaGethsemane
429 2282 578 2325 moerore
593 2259 729 2324 afflictus
746 2274 778 2323 et
790 2282 910 2345 angore
926 2281 1069 2346 pressus,
1084 2282 1174 2324 mor-

124 2367 177 2423 tun
190 2359 380 2444 deprecatus
396 2381 469 2424 esse
486 2360 689 2446 perhibetur3
715 2357 772 2424 alii
788 2358 921 2424 laudant
933 2361 1040 2429 locum
1054 2360 1176 2428 Matth.

126 2462 168 2538 2⁷,
186 2463 240 2523 46.
268 2457 325 2521 ubi
348 2459 441 2525 Iesus
462 2464 496 2526 in
512 2485 645 2533 ‚crucem
666 2475 757 2526 actus
779 2461 861 2526 hanc
884 2484 997 2545 uocem
1020 2465 1171 2527 emisisse

125 2559 265 2623 traditur:
288 2557 380 2624 Deus
395 2564 452 2641 mi,
475 2584 531 2627 cur
544 2562 625 2628 mihi
637 2585 732 2648 opem
747 2561 833 2625 ferre
843 2584 969 2628 cessas.
1011 2561 1105 2626 Prior
1119 2585 1170 2626 ra·

126 2660 163 2723 tio
175 2659 255 2725 milri
276 2663 380 2745 magis
401 2654 530 2728 arridet.
580 2661 705 2727 Caussa
725 2665 900 2727 anxietatis
914 2684 996 2748 quae
1009 2648 1117 2727 Iesruu
1136 2665 1173 2727 in

126 2759 193 2825 villa
211 2759 426 2826 Gethsemane
442 2765 607 2828 invaserat
626 2775 695 2827 erat
708 2766 799 2827 vario
815 2765 910 2828 modo
925 2775 1018 2827 aucta
1032 2775 1063 2827 et
1079 2774 1173 2826 acuta

128 2863 227 2926 nortis
241 2873 393 2926 cruentae
413 2865 479 2928 iam
498 2867 563 2948 ipsi
581 2866 747 2944 instantis,
778 2877 811 2927 et
832 2850 1029 2928 cruciatuum
1045 2885 1117 2933 cunr
1133 2885 1173 2926 ea
1216 2910 1221 2919 .
1278 2890 1286 2897 ·

129 2964 356 3026 uniunctorum
368 2967 567 3048 praesensio.
612 2962 694 3030 cum
708 2963 800 3028 Iesus
820 2986 935 3028 revera
949 2964 1046 3027 fuerit
1063 2963 1173 3042 homo,

129 3064 193 3148 quid
205 3067 337 3143 mirum,
366 3066 394 3127 si
409 3063 548 3128 humano
564 3086 663 3129 sensu
678 3064 841 3129 hominem
855 3062 957 3144 affici,
981 3064 1020 3126 de
1033 3065 1175 3126 instante

130 3151 516 3249 calamitate-gravissima
531 3163 718 3231 tremiscere
737 3166 901 3243 videmus,
929 3176 961 3224 et
981 3177 1111 3248 optare,
1139 3173 1176 3225 ut
1294 3204 1299 3217 ·

101 3309 103 3313 -
133 3262 232 3328 rideri
246 3277 377 3350 posset,
408 3263 448 3328 ab
468 3288 508 3329 ea
522 3265 699 3331 libereturi
741 3264 778 3329 Si
792 3268 826 3327 in
840 3264 937 3326 tantis
956 3274 1084 3352 tamque
1101 3286 1176 3349 gra-

132 3364 260 3429 tissimis
280 3363 514 3430 calamitatibus
529 3370 595 3451 ipsi
620 3366 822 3452 perferendis
849 3361 971 3428 nullum
1000 3365 1176 3428 anxietatis
1279 3398 1281 3403 ν

136 3460 306 3552 dolorisque
332 3487 462 3530 sensum
489 3466 703 3550 prodidisset,
738 3466 888 3529 fanaticis
910 3486 998 3544 erun,
1016 3474 1068 3538 ‘et
1086 3475 1176 3527 recte
1261 3467 1295 3563 ,ρ’

135 3566 264 3648 qudem,
297 3580 562 3631 annuruerassent
582 3570 623 3648 ii,
660 3570 716 3655 qui
736 3569 807 3630 sine
823 3563 892 3628 nlla
912 3564 1030 3628 idonea
1051 3564 1176 3625 ratione
1282 3567 1295 3671 ’ἱ

134 3683 192 3733 turn
205 3670 441 3731 inconstantiae
464 3681 625 3734 accusant.
666 3667 766 3734 Plura
785 3666 926 3732 hancin
941 3684 1010 3728 rem
1031 3660 1176 3744 disputa·

131 3779 194 3830 runt
209 3767 402 3835 Schuetercc
419 3770 453 3831 in
466 3769 656 3836 diciturne
669 3764 817 3835 Battara.
838 3767 869 3831 d.
886 3762 957 3831 bibl.
973 3758 1176 3830 Luteratsss.
1285 3773 1306 3828 t*

129 3871 153 3931 9.
166 3891 198 3953 p.
214 3875 295 3934 1012
309 3885 356 3933 ss.
365 3900 368 3905 ·
377 3869 546 3951 Bccgelc'us
559 3872 594 3933 in
608 3870 730 3935 Archiv
744 3869 812 3947 fiir
826 3870 877 3933 die
897 3865 1063 3944 Theologc'c
1084 3859 1125 3924 Β.
1144 3865 1175 3922 1.
1302 3936 1306 3945 „

126 3967 174 4036 St.
188 3978 220 4036 1.
241 3992 275 4055 p.
290 3978 343 4038 29.
358 3991 402 4036 ss.
433 3969 705 4055 Hepdeorec‘clu'uc
728 3971 762 4032 in
784 3960 1175 4034 ZtmmermuaaMonatc·
1266 3983 1268 3986 ⁴

120 4070 242 4150 scires!
260 4071 300 4136 Β.
321 4078 350 4150 3,
373 4070 420 4136 St.
442 4076 473 4134 3.
504 4093 536 4156 p.
552 4075 633 4135 273.
654 4092 698 4134 ss.
733 4070 946 4137 Goldlcorm'uc
963 4070 998 4127 in
1021 4060 1177 4126 Schrdtcr
1210 4146 1216 4157 .

114 4175 182 4242 eud
201 4169 305 4241 Klein
329 4170 651 4260 oppositiocrcclcroi
674 4170 712 4238 B.
735 4177 771 4241 3.
791 4170 839 4240 St.
854 4177 885 4236 2.
918 4164 1111 4235 Scirdtcrus
1131 4159 1180 4262 iia
1205 4218 1226 4271 ,a
1245 4238 1272 4269 ·.

1234 4344 1254 4381 *s

1234 4410 1244 4450 ι’
